3059 5067
243 338 322 411 102

241 515 325 579 Anno
352 512 465 577 domini
481 510 537 575 lta
555 509 655 575 CCC⁰.
678 511 820 577 vicesimo
836 517 960 598 quarto,
987 512 1141 597 lingistris
1154 511 1290 597 Παύλῳ
1308 509 1444 583 lectore,

240 622 376 688 Nicoloo
392 624 516 685 cantore
533 624 564 682 et
579 618 735 685 Micloelc
752 621 882 686 custode
897 620 1033 686 ecclesie
1048 626 1152 687 nostro
1167 618 1378 685 amnonius

316 760 436 833 original
449 760 496 817 snt
506 762 674 833 Perpernam,
687 758 784 817 deman
798 751 891 834 Sisgel
904 762 981 818 lehlt.

778 1014 906 1096 XCIX.

244 1158 327 1232 litt,
348 1156 390 1217 lt.
402 1155 468 1217 ltl.
482 1189 516 1199 —
529 1156 750 1231 Zeapnisslrs'ef
761 1155 811 1212 eles
822 1156 1018 1232 Domecpa'tcia
1035 1174 1092 1214 sest
1108 1157 1192 1213 Roob
1209 1157 1242 1214 in
1258 1156 1378 1230 ΒΜ
1391 1155 1445 1214 δα·

321 1248 560 1317 Bcaitaaterpotc
571 1246 621 1302 dea
635 1247 722 1304 Grates
737 1246 925 1321 sssmfolcc
934 1264 974 1303 aa
985 1248 1034 1304 sits
1044 1246 1127 1303 Altci
1137 1246 1370 1319 amonem

331 1386 499 1472 Capitulum
505 1385 687 1451 Jouriencis
699 1386 831 1451 ecclesie
841 1386 994 1451 ruinersis
1006 1384 1264 1451 christifidelibus
1279 1391 1444 1470 presentes

242 1496 361 1560 litteras
377 1495 563 1579 inspecturis
586 1494 714 1559 salutem
730 1495 760 1558 in
777 1493 897 1559 domino
914 1496 1139 1578 sempiternam.
1170 1492 1444 1559 nominetenus

240 1602 381 1669 noticiam
393 1602 496 1666 harum
510 1602 592 1667 serie
604 1599 742 1667 uolumus
754 1602 950 1686 perrenicre,
964 1603 1060 1688 qued,
1075 1622 1144 1667 com
1156 1622 1213 1667 nos
1224 1600 1263 1664 ad
1277 1603 1444 1666 instantem

241 1710 419 1796 petitionem
437 1711 555 1776 comitis
571 1710 720 1796 Spmonis
736 1708 893 1775 castellani
909 1710 948 1774 de
966 1710 1067 1784 ocur,
1087 1730 1147 1775 nac
1169 1729 1229 1773 non
1252 1710 1444 1775 vicecomitis

239 1818 456 1885 Memento
463 1838 519 1905 per
527 1816 647 1882 litteras
660 1838 730 1883 suas
743 1817 831 1881 nobis
844 1818 964 1891 lacum,
976 1818 1142 1883 discretum
1154 1818 1252 1883 muna
1261 1819 1444 1901 magistrun

239 1928 407 1993 Nicolaum
419 1924 580 1991 Centonem
592 1924 727 1991 eoelesic
741 1932 855 1999 nosne,
873 1926 990 1991 socium
1003 1932 1036 1991 et
1052 1926 1291 1991 concanonicum
1307 1932 1444 1990 nostrum

240 2034 440 2108 karissimum,
465 2053 567 2099 coram
584 2053 645 2118 quo
661 2036 730 2119 ipse
746 2052 852 2098 comcs
867 2033 986 2118 Symon
1002 2038 1034 2097 et
1049 2032 1215 2100 Joltonnes
1229 2032 1312 2097 lilios
1333 2034 1442 2100 Vsa»-

242 2142 324 2214 tint,
347 2144 436 2207 homo
454 2142 707 2207 Excellentissimi
723 2141 843 2205 Domini
858 2142 955 2205 nostri
970 2142 1099 2217 literali,
1123 2140 1174 2205 dei
1194 2143 1301 2223 gracia
1316 2142 1444 2206 illustris

240 2250 333 2332 Regis
357 2252 538 2340 Hunpoaie,
569 2250 793 2316 nenmbularent
814 2248 964 2334 quondm
985 2249 1207 2332 possessionem
1228 2249 1323 2313 Curie
1337 2250 1444 2315 Hone-

240 2358 365 2424 ohorum
381 2379 436 2423 seu
453 2358 602 2439 (innupte,
622 2357 702 2443 qnod
721 2379 835 2423 nouum
847 2358 998 2444 predium
1012 2364 1217 2440 nuncupatur.
1235 2357 1443 2443 staunfolu

240 2470 376 2530 uocatam
399 2470 429 2531 et
452 2467 645 2548 assignarent
668 2466 750 2529 dicte
766 2464 859 2528 Curia
874 2486 911 2528 ao
927 2470 1098 2529 statuerent
1112 2471 1263 2550 perpetuo
1277 2466 1443 2551 possiden·

241 2572 309 2637 dam
325 2572 538 2638 reambulatnm
555 2594 610 2655 pen
632 2579 752 2639 ueteres
769 2579 864 2638 metas
881 2580 913 2638 et
936 2574 1091 2657 antiquas,
1120 2590 1174 2656 pro
1195 2576 1374 2639 testimonio
1391 2574 1445 2639 tn-

240 2680 391 2746 xissemus
407 2680 609 2765 dirigendum,
626 2682 745 2746 demum
763 2682 861 2746 (lictus
878 2682 1023 2764 magister
1033 2681 1186 2747 Nicotaus
1202 2681 1317 2746 Cantor
1333 2684 1374 2745 acl
1390 2704 1443 2747 nos

242 2808 385 2854 reuersus
402 2787 489 2853 nobis
506 2788 630 2863 retulit,
659 2788 738 2873 quod
756 2788 857 2854 dictus
874 2786 983 2853 Comes
997 2788 1117 2874 Symoo
1132 2797 1164 2852 et
1177 2788 1258 2853 idem
1272 2790 1442 2857 lotam

148 2892 151 2899 ’
240 2894 319 2960 lilius
340 2896 516 2969 Valentini.
545 2896 634 2961 homo
652 2899 809 2960 memorati
826 2896 939 2959 domini
955 2900 1051 2959 nostri
1067 2896 1182 2979 Regis,
1209 2896 1391 2963 accedendo
1407 2898 1444 2963 atl

240 3003 349 3067 faciem
366 3004 484 3088 prefate
501 3006 705 3089 possessionis
721 3005 925 3089 Tltunasolco
940 3011 1122 3087 nuncupate,
1139 3005 1318 3069 conuocatis
1334 3005 1443 3071 ricinis

243 3116 274 3175 et
291 3112 475 3177 cometaneis
493 3132 529 3177 ac
545 3112 696 3177 nobilibus
714 3112 825 3186 Cestii,
849 3130 906 3175 nec
922 3131 983 3175 non
998 3112 1223 3197 quampluribus
1244 3112 1399 3177 nobilibus
1413 3121 1444 3178 et

240 3218 413 3284 hominibus
436 3220 505 3284 aliis
528 3218 625 3284 libere
641 3218 832 3285 condicionis
848 3221 888 3284 de
903 3220 1191 3286 circumiacentibus
1205 3219 1285 3285 villis
1301 3220 1445 3286 similiter

239 3326 313 3392 inibi
326 3328 443 3392 uocatis
459 3328 499 3392 de
510 3329 684 3415 procincto
696 3328 904 3404 Menaechmi,
921 3346 1022 3391 coram
1038 3327 1105 3410 ipso
1121 3326 1304 3393 antedictam
1316 3350 1443 3413 posses-

240 3433 357 3497 sionem
379 3432 621 3499 reambnlassent
643 3440 674 3497 et
697 3436 907 3517 assignassent
922 3454 958 3499 ae
974 3436 1153 3500 statuissent
1167 3435 1248 3501 dicte
1264 3436 1359 3502 Curie
1374 3439 1441 3503 llo·

238 3540 402 3605 nachonum
415 3547 562 3626 perpetuo
576 3542 802 3625 possidendam,
819 3542 900 3608 nullo
911 3543 1033 3626 penitus
1043 3544 1267 3631 contradictore
1278 3547 1440 3611 existente

239 3646 355 3714 Cursus
378 3654 478 3715 autem
493 3657 640 3715 metarum
662 3652 868 3735 possessionis
884 3650 1044 3734 sepedicta
1060 3650 1139 3715 tales
1154 3658 1243 3725 sunt.
1268 3674 1326 3738 pro
1343 3656 1440 3739 prima

239 3759 368 3823 omnium
381 3759 489 3845 incipit
504 3766 584 3824 meta
601 3762 679 3824 iusta
696 3761 919 3844 possessionem
936 3759 1107 3824 Zenmario
1123 3764 1262 3825 uocatam
1277 3782 1296 3826 a
1313 3762 1440 3827 meridie

239 3874 270 3931 et
291 3868 484 3951 protenditur
510 3869 546 3933 ad
571 3870 796 3953 possessionem
812 3868 939 3952 Belyud
951 3869 989 3930 ab
1005 3867 1182 3943 occidente,
1210 3871 1336 3936 atinde
1360 3871 1443 3936 uadit

239 3973 276 4039 etl
293 3975 440 4059 quandam
464 3978 690 4060 possessionem
710 3977 812 4043 Gulae
826 3982 963 4040 uocatam
979 3974 1017 4039 ab
1034 3976 1175 4062 aquilons
1191 3977 1312 4042 atinde
1327 3981 1441 4046 reflec-

238 4082 313 4147 titur
334 4082 372 4147 ad
394 4083 515 4167 plagam
532 4084 708 4149 orientalem
732 4103 840 4148 uersus
858 4081 978 4146 Curiam
1001 4082 1151 4148 dictorum
1167 4084 1388 4152 lionaohorum
1410 4094 1441 4153 et

240 4191 285 4254 sie
308 4196 389 4255 mete
410 4192 610 4257 terminantur
627 4190 833 4277 possessionis
856 4192 1019 4256 antedicto.
1053 4192 1086 4256 ln
1103 4195 1190 4257 cuius
1204 4195 1251 4258 rei
1268 4198 1440 4260 memoriam

239 4301 270 4361 et
286 4305 464 4382 perpetuam
491 4300 661 4366 inunitatem
686 4302 846 4383 presentes
871 4300 1079 4364 concessimus
1102 4299 1221 4365 litteras
1236 4303 1332 4384 sigilli
1347 4305 1441 4368 nostri

238 4406 383 4470 autentici
413 4408 575 4472 munimine
607 4407 775 4473 roboratas.
822 4405 930 4470 Datum
953 4408 1030 4473 teria
1053 4408 1189 4474 secundo
1213 4410 1350 4493 proxima
1373 4416 1442 4496 post

238 4514 563 4580 oetanaslnueneioois
581 4521 686 4581 sancte
703 4513 821 4588 Crucis,
846 4534 922 4579 anno
939 4515 1062 4580 domini.
1088 4516 1142 4581 lit.
1168 4516 1268 4582 CCC⁰.
1294 4520 1439 4586 vicesimo
