3059 5067
1163 409 1214 480 45

16 586 174 667 gescbel’t
185 587 246 651 sint
258 587 554 668 gewesenrndaucb
567 589 632 651 sein
641 604 759 670 geuerg
772 584 833 647 siut
845 584 899 648 mit
913 584 979 647 iren
990 584 1137 668 ynsigelu.
1163 584 1215 648 Di·

17 715 75 759 ser
83 695 355 781 prietistgigeben
364 696 400 761 da
409 718 466 762 ran
476 696 612 762 Christos
622 691 1216 784 gepurdwareuergangendrewzeben-

16 804 161 869 bundert
179 806 234 881 iar,
249 805 363 870 darnah
379 808 409 870 iu
422 806 490 871 dem
502 806 747 872 lirmlzebendem
762 805 820 877 lar,
841 826 878 869 aa
890 804 965 869 saud
977 804 1119 888 Georgen
1135 812 1216 887 tage.

99 949 223 1021 original
235 951 283 1005 ant
292 951 450 1022 Pergament
460 951 508 1006 mit
521 950 604 1005 einem
617 950 716 1022 Siegel,
729 949 793 1005 arrei
807 949 904 1004 audere
913 948 1008 1005 lablen.

604 1170 646 1249 L.

19 1310 97 1384 1³18,
108 1310 132 1370 l.
147 1311 258 1386 tamer,
271 1313 419 1387 bebaprtg.
433 1344 464 1353 —
479 1314 597 1371 Meister
616 1312 747 1369 Andreas
770 1312 885 1367 rcbealrt
905 1311 957 1367 der
979 1311 1059 1367 notet
1077 1308 1220 1381 Deilipen·

19 1404 130 1459 Krene
153 1421 219 1458 zum
241 1402 416 1461 Seelenleilc
440 1403 531 1459 crinea
555 1403 755 1459 uermorbcnen
777 1402 904 1459 Bructero
920 1401 1060 1459 mooun·
1075 1403 1151 1458 scine
1163 1402 1219 1457 De·

456 1494 568 1565 dtaoap
581 1510 619 1550 aar
631 1493 800 1566 Podesrlorf.

120 1620 187 1685 Nos
203 1620 349 1703 Magister
364 1623 510 1691 Andreas
525 1622 604 1688 lilius
621 1624 755 1707 magistri
767 1624 915 1713 Greporar'
929 1622 1132 1705 significamus
1150 1622 1217 1685 rni-

21 1733 142 1805 uersis,
160 1731 238 1816 quod
251 1731 318 1817 quia
334 1732 482 1796 salubrius
499 1740 545 1797 est
561 1733 739 1817 prospicere
752 1732 918 1817 spiritualia
934 1752 1019 1818 quam
1033 1731 1218 1815 temporalia,

22 1840 65 1904 ob
85 1841 256 1905 remedium
274 1846 305 1906 et
321 1840 446 1906 salutem
464 1844 561 1907 anime
583 1845 687 1908 fratris
704 1844 799 1907 nostri
815 1844 951 1925 magistri
977 1842 1116 1927 Nycolcr'
1140 1839 1219 1903 bone

20 1952 176 2015 memorie
192 1948 337 2034 quandam
353 1952 578 2035 possessionem
597 1956 725 2016 nostram
743 1953 916 2037 Poterrlorf
930 1956 1064 2016 vocatam
1081 1948 1218 2013 dedimus

21 2066 54 2124 et
77 2058 265 2125 contulimus
283 2060 424 2125 Ecclesia
444 2068 555 2127 sancte
572 2063 682 2129 Crucis
704 2068 735 2126 et
750 2082 808 2145 per
828 2082 894 2126 eam
917 2060 1105 2143 Grangiarils
1121 2057 1217 2143 ipsius

21 2167 163 2233 ecclesie
196 2171 394 2235 existentibus
429 2175 506 2235 iuxta
542 2173 638 2239 Ferro
672 2174 807 2237 famulari
840 2172 954 2254 pariter
983 2176 1014 2233 et
1046 2169 1217 2253 possidere.

22 2277 140 2342 Datum
170 2280 199 2341 iu
216 2279 378 2367 Scbcprep
399 2280 429 2343 in
447 2279 560 2344 Octaua
579 2280 746 2345 Natiuitatis
769 2279 880 2344 domini
897 2299 973 2344 anno
990 2278 1135 2343 eiusdem.
1165 2278 1218 2339 bl⁰.

23 2384 131 2449 000⁰.
149 2386 239 2451 xvu.

104 2528 225 2599 original
240 2530 288 2585 aui
296 2531 453 2600 Pergameut
466 2531 514 2585 mit
525 2531 623 2603 Siegel.

596 2732 653 2811 Ll.

25 2874 98 2947 mla,
111 2874 162 2935 ΕΘ.
174 2874 266 2948 April,
287 2874 371 2934 Viam.
392 2908 429 2917 -
443 2876 536 2947 Kdnlp
554 2875 701 2932 Friedrich
716 2874 770 2930 111.
783 2874 913 2943 bratdts'pt
924 2872 976 2929 der
987 2872 1067 2929 Abter'
1078 2870 1219 2942 Heilr‘pen-

27 2968 131 3023 turm
140 2966 196 3022 doe
204 2964 374 3037 uollrtdndip
387 2965 807 3037 imerirtel’rios'tcpiumreiner
818 2963 925 3029 Vetera,
935 2961 1187 3034 Koniprtlbrecdt'r
1195 2962 1219 3016 Ι.

368 3056 432 3113 ddo.
450 3057 543 3122 Wr'ca,
556 3056 609 3113 24.
622 3056 777 3113 December
789 3054 886 3113 128⁶.

120 3186 300 3251 summac
315 3184 372 3249 Dei
384 3185 491 3250 Gracia
508 3186 703 3250 Romanorum
721 3186 784 3249 lter
799 3205 918 3269 semper
930 3186 1081 3266 Augustus
1093 3184 1221 3248 Vniuer-

26 3296 70 3360 sis
86 3296 180 3360 Sacri
195 3295 319 3359 Romani
338 3293 458 3379 lmperii
470 3294 625 3359 Fidelibus
640 3295 831 3379 presencium
847 3292 1068 3377 inspectoribus
1081 3292 1218 3357 Graciam

26 3424 116 3468 suam
134 3410 167 3467 et
182 3403 404 3468 omnebonum.
430 3402 590 3469 Constituti
606 3404 635 3466 in
651 3408 753 3468 nostre
769 3403 931 3466 maiestatis
946 3402 1103 3486 presencia
1121 3401 1221 3466 liono-

26 3512 146 3578 rabiles
160 3518 192 3577 et
207 3510 353 3595 Religiosi
368 3514 425 3578 riri
441 3512 541 3577 Abbas
558 3519 589 3578 et
603 3511 775 3577 conuentus
794 3512 968 3575 blonasterii
987 3518 1098 3577 sancte
1111 3512 1222 3577 Dacia

27 3624 58 3687 iu
75 3622 221 3693 Auatrdc,
238 3621 449 3687 cisterciensis
466 3620 587 3685 Ordinis
605 3620 801 3704 Priuilegium
822 3618 970 3704 quoddam
992 3619 1080 3684 nobis
1104 3618 1222 3686 obtule-

27 3737 101 3797 runt
117 3736 258 3816 petentes
275 3750 341 3796 cum
358 3731 521 3803 instancia,
549 3732 678 3815 idipsum
695 3736 725 3794 et
747 3728 891 3794 articulos
908 3731 937 3792 in
953 3748 990 3792 eo
1008 3733 1166 3794 contentos
1183 3729 1221 3794 de

27 3840 221 3923 benignitate
237 3840 329 3923 Regia
346 3840 528 3915 confirmari„
563 3840 653 3903 Cuius
678 3846 763 3902 tenor
788 3838 826 3903 de
844 3838 937 3902 uerbo
955 3838 991 3901 ad
1009 3838 1132 3902 uerbum
1151 3838 1221 3902 talis

29 3956 95 4015 est:
120 3951 269 4017 Aldertua
295 3950 344 4014 dei
371 3951 474 4035 gracia
496 3948 561 4013 Dux
575 3949 702 4014 Austris
729 3955 759 4012 et
774 3948 883 4030 Styric
907 3948 1050 4011 Dominus
1075 3949 1223 4015 carnote

32 4060 184 4127 Mur-ebir
211 4065 244 4122 et
268 4060 504 4126 Portucnoonio.
547 4058 654 4145 (Folgt
670 4058 719 4122 die
741 4056 884 4122 Urlunde
901 4058 1022 4141 Herzog
1043 4056 1221 4138 Albrecbt's‚

30 4167 85 4234 24.
104 4168 279 4235 Decembris
298 4168 603 4243 lettobenano.
621 4168 667 4243 lli,
684 4168 716 4233 S.
734 4167 811 4241 252,
828 4167 880 4233 Nr.
897 4165 1091 4252 coaxant.)

122 4278 188 4343 Nos
204 4280 308 4361 igitur,
336 4282 387 4365 qui
404 4279 441 4344 ad
460 4281 616 4366 utriusque
633 4280 693 4343 rite
708 4277 882 4343 felicitatem
898 4276 1046 4363 prodesse
1062 4278 1150 4342 nobis
1166 4298 1222 4342 ne·

31 4408 181 4476 quaquam
197 4387 385 4471 ambigimus,
403 4390 430 4453 si
445 4388 512 4453 loca
529 4388 627 4453 diuino
644 4386 736 4452 cultui
752 4387 919 4473 mancipata
935 4386 1078 4470 ampliare
1093 4405 1223 4451 curaue·

31 4500 137 4572 rimus,
157 4504 187 4562 et
204 4518 304 4562 eorum
317 4499 442 4564 comodo
458 4500 505 4585 pia
523 4497 681 4563 intendere
696 4498 860 4570 voluntate,
879 4498 944 4562 nelo
956 4515 1045 4562 sacre
1055 4495 1222 4579 Religionis

33 4614 64 4671 et
85 4606 259 4673 eorumdem
276 4609 399 4673 fratrum
421 4609 567 4673 instancia
590 4609 702 4674 dictum
718 4608 928 4673 blonasterium
950 4626 1017 4671 curn
1033 4606 1176 4670 Personis
1192 4613 1224 4670 et
