3059 5067
1181 418 1259 491 319

63 592 95 651 ct
110 586 196 653 l’anli
220 586 435 671 Apostolorum
463 589 530 653 sius
557 607 592 653 se
615 588 735 653 uonsrit
755 589 956 657 insursurum.
996 592 1103 658 Datum
1123 596 1259 667 Wr'cann

58 698 267 765 Petuarisnsis
282 698 416 765 diocesis
430 696 480 778 iij·
494 697 645 763 Kalendas
668 699 788 769 llsrtii.
813 699 1006 765 Pontificatns
1021 703 1213 769 sanctissimi
1230 708 1261 769 in

57 807 180 875 Christo
197 810 298 874 Patris
320 814 352 874 st
373 808 487 873 domiui
502 810 616 880 nostri.
641 807 761 873 Domini
782 809 910 886 Vrdcni,
936 810 1036 875 diuina
1064 812 1261 896 prouidoncia

56 920 141 1003 Paps
158 921 259 991 Sexti,
275 938 353 983 suno
367 924 485 1002 quarto.

128 1061 253 1133 original
267 1062 317 1116 aul
326 1061 484 1130 Pergsmcnt
496 1060 543 1116 mit
554 1058 657 1131 Sisgsl.

592 1260 726 1340 00011.

53 1418 131 1491 lm,
144 1416 189 1476 ul.
203 1416 333 1489 lacrum,
345 1414 431 1475 Victo.
444 1447 482 1458 -
493 1416 556 1471 ner
570 1412 814 1485 cardinal-nepot
825 1416 922 1471 Pilosa
933 1418 1100 1491 cmdclsts'pt
1119 1420 1165 1477 dis
1178 1422 1260 1480 Altsi

51 1508 281 1579 Heiligenlrrcrrs
306 1509 353 1564 slis
376 1508 424 1564 ils·
451 1506 646 1578 incorpors‘rtc
668 1506 778 1579 Pfurrc
800 1504 898 1563 Alana
923 1508 1013 1564 cirtem
1035 1510 1083 1566 ils·
1103 1512 1260 1586 pestilipcn

489 1597 831 1654 muers-westser.

147 1732 259 1796 Pilcus
275 1730 474 1793 miseracione
497 1728 597 1792 diuina
614 1726 693 1792 tituli
709 1726 823 1792 Sancte
842 1726 984 1794 Praxedis
1001 1730 1167 1818 presbyter
1182 1732 1257 1799 Car-

51 1841 165 1905 dinalis
189 1840 226 1903 ad
251 1839 328 1903 inlra
350 1841 462 1922 scripta
480 1838 650 1923 Apostolica
676 1838 855 1902 auctoritaie
872 1838 1009 1904 suffultus
1027 1840 1153 1905 Dilectis
1171 1841 1258 1909 nobis

48 1952 82 2014 in
100 1949 225 2013 Christo
240 1949 349 2012 Abbati
361 1946 528 2012 Conuentui
543 1946 718 2011 llonastcrii
733 1946 854 2013 Sancte
871 1948 981 2015 Crucis
998 1948 1121 2014 Ordinis
1138 1950 1258 2017 Cister-

47 2060 168 2124 ciensis
191 2058 396 2124 Pctcuicnsis
420 2055 552 2120 diocesis
574 2055 701 2120 salutem
725 2056 757 2119 in
779 2056 916 2122 Domino.
950 2057 1133 2125 Deuocionis
1157 2069 1257 2126 vestre

47 2164 1255 2252 sinceritaspremeritnr‚vtvotisuestris,quantumcomodepossumuslsuora·

48 2276 159 2341 biliter
174 2277 351 2340 adunamus.
365 2274 440 2340 liinc
457 2274 607 2359 estquod
624 2295 679 2337 nos
695 2276 806 2338 vestris
819 2274 1096 2360 supplicacionibus
1113 2277 1257 2353 inclinati,

46 2394 84 2449 vt
111 2383 320 2470 parochialem
349 2383 510 2448 ecclesium
534 2383 640 2448 Sancti
668 2384 796 2466 Georgii
825 2384 853 2446 in
877 2384 992 2450 Aleclst
1021 2385 1100 2451 dicte
1122 2386 1256 2453 diocesis

47 2494 143 2559 uobis
160 2500 192 2557 et
207 2497 312 2558 uestro
328 2493 514 2558 ldonasterio
536 2494 756 2577 incorporatam
780 2498 812 2556 et
835 2492 944 2557 unitam
961 2493 1049 2558 alicui
1066 2494 1255 2581 presbytero,

48 2604 203 2685 religioso
237 2602 284 2666 uel
311 2601 460 2674 seculari,
489 2600 526 2665 ad
555 2598 670 2665 firmam
693 2602 741 2665 rel
764 2620 891 2667 annuam
913 2602 1089 2686 pensionem
1117 2602 1187 2671 huic
1216 2608 1255 2671 sd

50 2731 167 2776 annum
189 2712 290 2777 locare
313 2708 458 2781 valeatis,
487 2706 573 2773 vobis
598 2710 777 2775 auctoritate
800 2708 989 2795 apostolica,
1019 2732 1077 2797 qua
1093 2714 1255 2795 fungimur,

40 2828 163 2884 'tenore
193 2820 387 2904 presencium
417 2818 617 2903 indulgemus.
656 2818 737 2884 Nulli
759 2840 836 2902 ergo
858 2818 1010 2885 hominum
1038 2821 1147 2895 liceat,
1177 2822 1255 2888 hanc

49 2930 195 3015 paginam
219 2932 312 2994 nostri
340 2928 446 2992 indulti
468 2928 654 3012 intringere,
683 2930 731 2994 rel
753 2928 783 2994 ei
810 2950 883 2995 ausu
907 2932 1068 2997 temerario
1093 2935 1253 2996 contraire.

48 3038 87 3103 Si
103 3040 173 3123 quis
199 3045 297 3103 autem
323 3038 380 3103 hoc
406 3043 590 3122 attemptare
618 3038 863 3122 presumpserit,
892 3040 1135 3123 indignacionem
1158 3042 1255 3104 omni·

48 3149 189 3235 potentis
205 3147 262 3211 Dei
290 3153 322 3213 et
344 3146 499 3211 beatorum
516 3148 600 3212 Petri
624 3154 655 3212 et
671 3149 755 3213 Pauli
773 3150 985 3233 Apostolorum
1003 3150 1068 3213 cius
1085 3170 1120 3213 se
1138 3152 1255 3214 nouerit

46 3260 254 3323 incursurum.
294 3258 400 3320 Datum
441 3256 592 3331 Wicrmc,
620 3258 825 3325 Pctuuicnsis
853 3258 986 3322 diocesis
1016 3259 1065 3343 iij⁰
1096 3258 1248 3323 Kalendas

46 3367 174 3441 Martii,
202 3366 396 3431 Pontificatus
418 3366 609 3431 Sanctissimi
638 3369 669 3432 in
691 3365 811 3433 Christo
840 3369 938 3434 Patris
964 3375 995 3433 et
1023 3369 1135 3433 domini
1157 3370 1254 3435 nostri

46 3476 174 3542 Domini
193 3477 309 3542 Vrbcni
323 3474 421 3539 diuina
438 3476 634 3560 prouidencia
652 3476 732 3561 Pape
749 3478 827 3541 sexti
845 3498 921 3543 anno
937 3484 1054 3563 quarto.

125 3618 244 3689 Origiusl
257 3620 305 3674 sul
315 3619 474 3690 Psrgsurcnt
485 3619 532 3673 mit
545 3619 646 3691 Sisgsl.

569 3806 721 3889 000111.

45 3956 130 4028 1³⁸2
142 3956 252 4028 sous,
262 3955 338 4016 son.
351 3985 386 3996 -
399 3956 490 4028 capso
506 3953 603 4011 ursan
622 3956 667 4010 vr.
680 3955 811 4023 sermm
824 3954 875 4011 ser
887 3954 970 4011 nasu
982 3954 1201 4023 usamentum
1214 3954 1252 4010 sm
1347 3930 1351 3937 ’

324 4044 517 4117 Allpeoocs'ssem
528 4044 587 4100 alic
598 4046 704 4101 Reclstc
717 4044 778 4099 ssd
790 4044 962 4101 melleum.

143 4176 292 4243 Urdcmta
323 4176 487 4261 spiscopus
518 4194 627 4240 seruus
655 4193 813 4239 seruorum
841 4173 899 4239 dei.
939 4174 1067 4239 Dilectis
1089 4174 1187 4239 liliis.
1224 4224 1232 4239 .

41 4286 159 4355 scorti
175 4290 207 4351 ct
223 4283 393 4371 concentui
410 4284 586 4349 llonasterii
601 4285 640 4349 ds
651 4284 775 4351 Sancta
789 4284 890 4351 cruce
901 4282 1118 4349 cisterciensis
1136 4283 1250 4349 ordinis

43 4395 240 4461 Patauiensis
248 4393 380 4460 diocesis
387 4392 523 4459 Salutem
533 4390 766 4477 etapostolicam
774 4391 1030 4457 benedictionem.
1048 4393 1120 4459 Cum
1132 4414 1148 4457 a
1162 4392 1249 4458 nobis

43 4506 171 4591 petitur,
187 4502 271 4589 quod
286 4504 395 4567 iustum
411 4506 460 4565 est
477 4508 508 4565 et
524 4500 693 4575 honestum,
709 4509 769 4565 tam
787 4503 874 4586 uigor
890 4503 1034 4586 equitatis
1050 4522 1137 4588 quam
1155 4503 1246 4569 etiam

43 4616 120 4682 ordo
136 4612 234 4694 exigit
248 4610 389 4683 radonis,
412 4616 447 4676 ot
461 4609 492 4676 id
509 4632 565 4696 per
581 4610 814 4677 sollicitudinem
831 4610 924 4674 ollicii
943 4613 1038 4675 nostri
1055 4611 1091 4675 ad
1109 4610 1243 4676 debitum

1063 4717 1077 4750 s
