3059 5067
1214 322 1289 394 333

89 491 330 555 concanonicum
358 498 511 565 nostrum,
536 513 590 576 pro
618 498 705 576 parte
727 494 825 579 ipsius
849 493 968 557 Domini
984 494 1127 569 Abbatis,
1156 498 1291 563 homines

88 608 211 663 nostros
227 620 285 685 pro
301 599 484 665 testimoniis
507 601 546 665 ad
567 601 646 665 inira
667 603 813 687 scriptam
829 602 959 669 iudicum
976 603 1202 688 inposicionem
1218 627 1291 692 pre-

88 707 161 771 dicti
184 709 308 773 Domini
327 708 453 775 illatis
474 710 653 775 audiendam
673 711 966 784 transmisissemus,
995 712 1117 777 tandem
1140 716 1230 781 iidem
1252 718 1291 781 ad

87 838 141 881 nos
156 820 282 883 reuersi
298 819 383 886 nohis
400 820 595 885 concorditer
610 821 799 895 retulerunt,
828 822 908 906 quod
936 821 994 905 ipsi
1021 824 1051 885 in
1080 824 1195 889 octauis
1219 826 1290 891 testi

85 927 168 991 beati
184 925 312 1013 iacobi,
327 929 478 1012 Apostoli,
495 930 628 1012 proxime
644 935 717 995 tuuc
732 930 889 1015 preteriti,
906 929 943 994 ad
960 930 1068 995 taciem
1085 934 1290 1015 possessionis

88 1037 279 1119 Tonnsoluo
302 1044 428 1111 uocate,
457 1040 587 1121 predicti
608 1040 727 1104 Domini
753 1038 879 1104 Abbatis
904 1046 933 1103 et
961 1039 1116 1105 cuiusdam
1140 1044 1289 1125 particule

84 1150 170 1210 terre
188 1148 221 1209 in
245 1147 351 1211 eadem
367 1147 501 1229 litigiose
518 1148 628 1211 uicinis
647 1154 679 1212 et
695 1148 912 1213 commetaneis
930 1146 993 1211 suis
1011 1148 1179 1223 uniuersis,
1209 1150 1288 1234 legi·

83 1256 159 1317 time
183 1254 248 1317 illic
277 1257 470 1328 conuocatis,
492 1276 529 1321 ac
551 1257 758 1341 prenominato
782 1258 953 1343 Gregorio,
982 1254 1042 1320 tilio
1065 1259 1186 1336 colun,
1212 1280 1288 1343 per·

85 1362 239 1425 sonaliter
254 1362 421 1428 adherente
437 1375 469 1429 et
484 1371 630 1449 presente
646 1364 862 1435 accessissent,
879 1367 1035 1449 ipsamque
1051 1370 1162 1430 terram
1180 1369 1287 1433 Tono-

79 1473 179 1553 ssluo
196 1492 213 1533 a
229 1476 318 1554 parte
328 1478 469 1538 annotate
485 1473 690 1556 possessionis
704 1472 826 1537 Weliud
839 1491 896 1554 per
910 1479 1004 1537 metas
1021 1478 1053 1537 et
1069 1494 1177 1539 cursus
1190 1480 1286 1541 meta-

84 1580 145 1651 lcs,
161 1580 249 1662 prius
263 1579 495 1653 demonstratas,
505 1582 747 1646 reamloulassent
759 1585 790 1643 ct
806 1581 883 1645 lacta
897 1580 1138 1647 reamhulacione
1151 1582 1286 1647 eiusdem

81 1688 316 1770 prenominatus
337 1689 482 1753 Dominus
505 1688 613 1756 Frater
631 1690 841 1755 Goloooonnos
855 1688 957 1754 Albas
972 1690 1003 1753 in
1020 1691 1147 1775 quadam
1162 1688 1284 1775 Capella

81 1796 124 1859 ad
141 1798 289 1861 honorem
311 1798 345 1861 S.
362 1798 457 1861 liarie
475 1797 657 1881 Magdaleue
678 1799 709 1860 in
732 1800 926 1880 possessione
942 1799 1029 1865 Noui
1041 1799 1166 1885 predii,
1189 1818 1285 1883 prope

82 1904 222 1970 &aaa
231 1906 460 1973 meoniorum
472 1912 657 1979 consumta,
669 1908 707 1971 ad
720 1926 806 1991 quam
820 1905 924 1971 cadem
937 1906 1092 1989 possessio
1103 1908 1285 1991 Tusofaloo

80 2014 248 2096 pertinere
272 2015 479 2097 dignoscitur,
506 2016 572 2079 sola
598 2035 653 2079 sua
676 2015 708 2078 in
735 2034 883 2099 persona,
909 2013 1027 2079 indutus
1055 2015 1118 2079 suis
1148 2014 1282 2080 uestibus

77 2121 329 2187 sacerdotalibus
346 2130 378 2187 et
396 2122 537 2188 baculum
551 2142 636 2187 suom
653 2122 836 2209 pastoralem
854 2122 883 2186 in
900 2142 987 2188 manu
1004 2142 1057 2186 sua
1074 2120 1228 2195 habendo,
1245 2122 1282 2186 ad

77 2250 173 2293 suom
189 2237 298 2295 statum
323 2231 497 2314 regularem
513 2236 545 2295 et
560 2232 753 2297 consciencie
770 2252 824 2295 sue
840 2232 1002 2314 puritatem
1019 2250 1112 2315 super
1128 2250 1181 2305 eo,
1203 2230 1282 2315 quod

78 2336 226 2422 predicta
242 2344 326 2403 terra
341 2340 486 2421 litigiosa,
504 2340 541 2403 ad
558 2346 627 2404 octo
643 2340 784 2404 marchas
801 2338 990 2407 denariorum
1007 2340 1036 2403 iu
1050 2342 1114 2403 toto
1132 2340 1281 2411 estimato,

78 2466 210 2529 semper
225 2453 257 2511 et
271 2447 309 2510 ab
324 2450 446 2535 antiquo
463 2451 499 2514 ad
516 2449 663 2532 prefatam
685 2448 909 2532 possessiouem
929 2449 1110 2532 Tooofoluo
1126 2447 1282 2532 pertinens

77 2556 179 2619 inerit
194 2560 227 2619 et
242 2576 320 2621 nnnc
335 2561 465 2621 attinere
480 2557 608 2631 debeat,
623 2563 655 2621 et
671 2577 821 2641 nunqnam
839 2556 944 2621 eadem
960 2561 1042 2619 terra
1059 2556 1096 2619 ad
1112 2556 1280 2641 predictam

77 2665 310 2745 possessionem
324 2667 456 2743 Wcliud,
474 2666 570 2750 ipsius
581 2666 730 2754 Gregorii
744 2665 784 2729 de
799 2666 866 2729 iure
883 2664 1073 2749 pertinuerit,
1090 2668 1231 2750 maleque
1249 2673 1280 2729 et

78 2771 173 2852 signa
188 2772 308 2835 metalia
326 2794 382 2858 per
396 2780 624 2858 procuratorem
651 2776 746 2857 ipsius
768 2773 887 2839 Domini
902 2772 1029 2837 Abbatis
1052 2774 1134 2857 prius
1160 2774 1281 2838 demon·

79 2884 183 2945 strate
206 2887 241 2945 ct
260 2881 462 2955 rcamlnlate,
491 2880 637 2947 uidelicet
658 2888 737 2947 mete
754 2888 857 2957 terra,
886 2883 975 2961 signa
1002 2881 1121 2945 metalla
1146 2880 1280 2945 eiusdem

75 2989 289 3071 possessionis
307 2990 488 3075 lionofoloo
504 3010 521 3053 a
536 2996 625 3073 parte
640 2990 775 3055 eiusdem
793 2990 997 3074 possessionis
1010 2989 1129 3055 Wcliud
1143 2987 1278 3053 eiusdem

80 3097 237 3185 Gregorii
256 3100 369 3163 actoris
390 3104 569 3183 seperautes
591 3098 722 3171 luerint,
750 3096 848 3182 palam
871 3103 902 3161 et
925 3098 1082 3161 manifeste
1104 3097 1231 3162 dixisset
1248 3102 1279 3161 et

78 3204 250 3278 retulisset,
267 3207 353 3270 cuius
366 3207 485 3272 Domini
498 3206 625 3271 Albulis
640 3207 869 3271 conscienciose
886 3206 1050 3271 assercioni
1067 3205 1145 3269 idem
1160 3208 1278 3293 Grego-

77 3316 153 3379 rius
171 3315 261 3378 simul
282 3336 351 3380 cum
364 3316 515 3389 Nicoloo,
544 3314 639 3379 fratre
660 3336 714 3380 suo
730 3316 829 3379 uicino
845 3322 875 3379 et
891 3315 1033 3397 magistro
1049 3315 1190 3385 donnus,
1217 3312 1277 3377 lilio

77 3423 222 3489 Simonis
252 3422 291 3487 de
323 3426 430 3488 eadem
465 3424 636 3512 Hcflenplc,
678 3423 749 3487 inibi
788 3444 882 3508 prope
916 3422 1081 3489 astantibus
1111 3424 1278 3487 contentari

78 3531 163 3596 nolle
179 3533 344 3597 iudicasset
359 3538 389 3595 et
405 3531 526 3597 tandem
544 3532 671 3597 eandem
688 3538 797 3595 terram
814 3532 976 3615 litigiosam
989 3530 1043 3596 sub
1061 3530 1276 3615 infrascriptis

78 3641 171 3705 metis
194 3640 350 3705 rennuatis
372 3642 403 3703 in
426 3640 553 3724 quodam
576 3640 707 3723 registro
730 3639 772 3703 ibi
798 3640 931 3724 partibus
955 3638 1122 3705 uolentibus
1145 3644 1176 3703 et
1193 3639 1276 3721 regi·

79 3752 186 3814 stratis
214 3749 371 3815 nobmcum
395 3750 573 3832 reportatis,
606 3750 718 3832 quein
750 3750 928 3832 quibusdam
957 3747 1091 3832 pertibus
1119 3747 1169 3811 uel
1200 3746 1276 3811 locis

78 3863 225 3923 metarum
241 3858 392 3941 prioribus
415 3858 605 3923 cursionibus
627 3856 789 3922 earundem
812 3858 977 3943 aliqualiter
1001 3856 1138 3920 uidentur
1156 3855 1275 3919 discre-

77 3987 168 4051 pare,
197 3966 235 4029 ad
259 3967 404 4049 prefatam
428 3966 654 4050 possessionem
673 3967 856 4050 Tronololoo
884 3967 994 4049 prelati
1015 3966 1134 4030 Domini
1157 3963 1272 4027 Fratris

76 4076 266 4143 tlolotncuno⁸
286 4074 411 4139 uocaus
438 4075 618 4158 applicando
647 4075 879 4159 inperpetuum
909 4073 1083 4156 possidere,
1111 4079 1217 4136 tenere
1243 4078 1274 4137 et

75 4185 195 4248 trabere
211 4184 392 4248 statuissent
415 4189 447 4246 et
468 4183 697 4247 commisissent.
733 4180 826 4247 Cuius
850 4180 969 4266 quidem
987 4189 1070 4247 terre
1087 4187 1166 4245 mete
1182 4180 1271 4246 modo

76 4294 227 4377 premisse
254 4297 383 4362 statute,
411 4292 505 4374 prima
534 4290 640 4374 incipit
661 4291 739 4355 iuxta
761 4296 872 4355 terram
895 4290 1014 4355 Sancte
1028 4290 1134 4357 Mario
1154 4310 1170 4353 a
1187 4293 1273 4373 parte

77 4400 217 4465 orientali
230 4409 262 4464 et
276 4420 370 4482 penes
382 4400 529 4485 quandam
547 4405 655 4465 meum
669 4400 818 4483 antiquam
830 4399 970 4483 predicte
983 4406 1065 4465 terre
1080 4400 1272 4483 Tocosoloo,

76 4511 314 4594 distinguentem
336 4528 443 4573 nonam
459 4514 568 4573 metam
586 4530 602 4571 a
619 4512 706 4591 parte
722 4507 890 4592 aquilonari
906 4508 1085 4579 erexissent,
1102 4512 1183 4571 terra
1201 4526 1272 4571 uero
