3059 5067
284 411 359 483 171

274 586 393 651 dominu
408 585 526 650 Abbata
542 591 574 651 et
588 584 745 651 conuentu
766 585 841 651 dicti
857 585 985 672 Cenabij
1001 609 1038 653 ac
1060 589 1165 654 eodem
1184 587 1322 655 cenobio
1340 609 1399 655 seu
1414 589 1481 654 Ιο-

274 695 406 759 nasteriu
433 715 470 759 11
493 696 603 768 attera,
631 693 669 760 ad
696 700 829 760 nostram
853 696 1057 782 personaliter
1082 697 1255 763 accedendo
1285 700 1479 783 presenciam

273 801 353 866 idem
373 803 466 868 Otttro
481 803 751 886 possessionariam
777 803 952 890 porcionem
974 825 1058 868 suam
1074 826 1129 870 seu
1146 805 1265 870 Curiam
1283 808 1379 872 tituto
1394 827 1477 894 emp-

274 911 369 974 cionia
397 917 600 994 comparatam
628 910 658 972 in
685 913 882 995 possessione
904 913 1040 997 predicta
1068 914 1175 980 Susam
1196 917 1384 980 existentem

273 1017 450 1083 rtititatiboa
463 1019 536 1090 suis,
549 1019 668 1083 sciticet
679 1019 756 1085 tucis
768 1020 996 1094 cessionalibus,
1009 1023 1115 1086 Terris
1127 1022 1307 1097 arabilibus,
1320 1023 1476 1096 seuitibus,

272 1127 366 1212 pratis
383 1132 415 1191 et
429 1129 551 1211 pascuis
568 1148 604 1191 ac
619 1127 695 1192 dure
710 1128 870 1204 Montano,
894 1150 951 1194 nec
968 1151 1026 1194 non
1043 1130 1109 1195 aliis
1126 1133 1282 1205 omnihus,
1299 1133 1332 1195 in
1351 1133 1476 1218 quihus·

272 1255 398 1321 cumque
415 1237 546 1300 existant
561 1235 608 1300 111
625 1256 812 1321 quocumque
828 1237 947 1302 nomine
964 1243 1161 1312 censeantur,
1184 1239 1281 1323 ipsam
1299 1240 1473 1324 porcionem

272 1345 542 1426 possessiouariam
559 1363 612 1406 seu
633 1342 752 1406 Curiam
770 1345 1014 1426 contingentibus
1031 1344 1125 1419 dedit,
1147 1346 1282 1412 uendidit
1298 1354 1334 1412 et
1350 1347 1475 1412 tradidit

272 1452 410 1537 predicto
426 1452 511 1515 tratri
527 1453 682 1518 Seuerido
697 1459 729 1518 et
743 1473 800 1537 per
816 1473 882 1518 eum
899 1454 982 1518 dicto
999 1456 1116 1520 domiuo
1134 1455 1234 1520 abbati
1251 1461 1283 1521 et
1299 1456 1469 1522 concentui

273 1581 309 1625 ac
337 1559 470 1624 cenubio
498 1559 565 1622 siue
588 1559 774 1623 itonasterio
798 1560 918 1626 Sancte
945 1563 1057 1628 Oruois
1081 1584 1137 1646 pro
1154 1563 1279 1627 Centum
1304 1573 1338 1628 et
1368 1565 1473 1646 uiginti

272 1669 407 1735 ‘Patentis
424 1668 551 1733 tatorum
565 1668 754 1732 denariorum
765 1670 981 1741 viennensium,
999 1670 1089 1754 piene
1101 1679 1132 1735 et
1145 1671 1336 1756 integraliter
1353 1673 1394 1737 ab
1410 1674 1472 1758 ipso

273 1779 406 1861 receptis
422 1784 581 1862 perpetuo,
598 1775 727 1860 pacitice
743 1785 775 1842 et
791 1777 1035 1843 irrecusabiliter
1050 1780 1226 1853 tenendam,
1252 1780 1427 1846 habendam
1442 1791 1472 1844 et

272 1889 387 1973 pariter
403 1885 640 1969 possidendam,
664 1885 753 1949 Nullo
770 1885 863 1959 dure,
887 1885 1026 1971 nuttoque
1048 1885 1179 1952 dominio
1196 1890 1226 1951 in
1245 1889 1328 1954 dicta
1344 1911 1472 1974 posses·

272 1995 402 2059 sionaria
425 1995 571 2078 porcione
591 2013 647 2056 seu
664 1992 754 2058 Curia
782 1995 840 2057 sibi
869 2001 899 2057 ct
925 1995 990 2058 suis
1011 1994 1241 2060 successoribus
1265 1999 1469 2081 inposterum

272 2107 445 2173 reseruatu;
474 2100 541 2164 Tati
559 2100 756 2184 obtigacionis
774 2102 891 2166 rincuto
910 2104 1073 2176 mediante,
1091 2103 1187 2188 quod,
1205 2105 1383 2190 quicunque
1400 2128 1470 2171 suc-

272 2211 459 2278 cessiuorum
487 2215 654 2294 temporum
676 2210 846 2274 mutacione
868 2211 977 2276 dictam
1002 2213 1175 2294 porcionem
1197 2215 1473 2296 possessionen-ianr

271 2341 326 2385 seu
339 2319 459 2384 Curiam
476 2321 507 2383 in
522 2325 585 2381 toto
603 2319 650 2382 uet
666 2319 698 2381 in
713 2323 800 2401 purte
812 2319 948 2404 inpetere
964 2319 1208 2403 attemptaueriut
1219 2341 1237 2384 a
1249 2320 1335 2385 dicto
1350 2322 1472 2386 domino

272 2429 388 2494 Abbate
411 2432 443 2491 et
463 2426 620 2490 Conuenta
637 2443 673 2488 ac
694 2424 877 2491 Monasteriu
898 2433 1010 2493 sancte
1026 2429 1147 2501 Crucis,
1171 2429 1220 2492 uel
1242 2431 1355 2512 quouis
1387 2431 1472 2496 tituto

273 2554 460 2620 aggredere,
489 2555 525 2598 er
540 2539 611 2597 tunc
630 2533 727 2599 011111
743 2535 918 2619 sepedictus
934 2543 965 2600 et
981 2535 1032 2600 titii
1050 2537 1097 2600 sui
1113 2537 1254 2620 superius
1270 2539 1471 2604 nominatius

272 2664 375 2710 eorum
392 2641 523 2708 heredes
540 2642 623 2726 ipsus
636 2641 780 2724 expedire
795 2643 977 2708 tenebuntur
992 2646 1125 2729 propriis
1139 2644 1290 2709 laboribus
1308 2652 1343 2710 et
1358 2667 1472 2733 expeu-

270 2755 323 2826 sis.
341 2755 529 2838 Proprietate
552 2751 777 2816 nichittunrinus
799 2753 956 2836 sepedicto
974 2755 1126 2837 porcionis
1142 2757 1392 2838 posseasionarie
1408 2759 1472 2822 siue

270 2862 361 2927 Curia
384 2859 465 2944 apud
492 2859 643 2923 dominum
660 2859 822 2934 Abbutem,
851 2858 1037 2925 Conuentum
1062 2882 1097 2926 ac
1120 2861 1339 2928 Munasterium
1360 2873 1473 2932 macte

272 2971 383 3037 Crucis
400 2991 521 3054 semper
543 2974 727 3032 remanente.
763 2969 795 3032 tn
813 2969 901 3034 cuius
924 2971 967 3033 rei
985 2971 1156 3034 memoriam
1174 2979 1205 3034 et
1219 2981 1405 3056 perpetuam
1422 2973 1473 3037 fir·

269 3082 403 3144 mitatem
421 3083 580 3162 presentes
596 3077 802 3141 concessimus
824 3077 940 3142 titteras
961 3076 1056 3160 sigilii
1078 3080 1172 3144 nosti
1189 3081 1338 3145 autentici
1356 3103 1471 3166 appen-

267 3191 354 3253 sione
379 3185 547 3251 roburatas.
592 3185 699 3247 Datum
724 3186 802 3248 teria
827 3191 930 3270 quarta
959 3188 1090 3270 proxima
1118 3191 1187 3270 post
1213 3185 1349 3252 Octauas
1378 3191 1471 3254 Pasce

269 3296 379 3360 dornini
406 3295 491 3358 Anno
519 3294 654 3357 eiusdem
680 3292 838 3356 ttittesimu
866 3293 1114 3367 Trecentesimo,
1142 3295 1315 3359 'tricesimu
1342 3297 1471 3363 Octauo.

270 3403 424 3487 Magistris
440 3401 592 3467 Mendacio
608 3401 782 3484 preposito,
809 3401 942 3487 Mathpu
958 3403 1090 3475 tectore,
1115 3403 1251 3491 Gecrpr'u
1266 3415 1418 3477 cantura,
1442 3417 1471 3469 et

268 3516 364 3578 Petro
380 3510 526 3583 custode,
555 3509 734 3592 ceterisque
756 3509 901 3574 tratribus
928 3517 960 3576 et
983 3512 1111 3575 dominis
1127 3511 1260 3576 erotesis
1278 3521 1389 3579 nostre
1406 3518 1469 3582 exi-

268 3620 427 3686 steutibus.

339 3744 455 3815 Origine!
469 3743 516 3799 aut
523 3744 683 3814 Pergament
694 3741 742 3797 mit
753 3741 853 3813 Sieget.

265 4089 339 4160 1111,
355 4087 394 4148 lt.
407 4087 472 4148 lat.
486 4120 522 4129 -
537 4090 602 4144 Otto
616 4086 669 4142 der
680 4089 789 4143 Reater
801 4083 940 4160 eerturrft
951 4086 1067 4143 Bruder
1079 4086 1236 4145 Konrcdeaa
1249 4105 1303 4145 cora
1316 4091 1465 4162 Hediaea·

264 4184 371 4242 tressa,
393 4179 503 4236 deraeit
519 4179 695 4252 Hofmciatsr
716 4176 755 4231 isa
773 4176 1122 4249 &thysamenus-Hos
1130 4177 1161 4233 iar
1179 4179 1279 4244 Ws'en,
1300 4182 1350 4237 eia
1369 4183 1465 4239 ausa

686 4267 782 4324 hedera
794 4283 831 4322 aar
845 4265 1032 4338 Hedrerdorf.

353 4399 403 4464 tch
424 4401 478 4466 011
502 4398 557 4463 der
572 4399 691 4464 Baster
712 4396 771 4462 rud
796 4395 845 4460 ich
862 4396 943 4483 Jorp
960 4396 1018 4461 rnd
1035 4397 1084 4460 ich
1101 4397 1218 4462 Hurtel
1238 4398 1305 4463 sein
1331 4399 1464 4466 brueder

261 4510 321 4575 rnd
343 4510 393 4574 icta
408 4509 524 4574 Katrei
546 4506 604 4571 rud
629 4507 679 4570 ich
697 4507 859 4572 Gerdruut
875 4507 901 4569 ir
916 4512 1055 4577 swester,
1081 4505 1136 4569 wir
1161 4505 1306 4571 rerieheu
1331 4512 1392 4575 rnd
1408 4503 1462 4575 triu

262 4621 354 4686 chunt
369 4619 448 4683 utlen
465 4619 534 4691 den,
551 4618 581 4681 di
598 4617 683 4680 disen
703 4617 786 4700 priei
797 4617 894 4681 tesent
911 4617 985 4681 oder
1003 4617 1111 4682 horeat
1127 4617 1228 4690 11111,
1252 4616 1284 4682 di
1301 4642 1342 4685 uu
1359 4620 1462 4687 tabent
