3059 5067
267 401 344 475 266

263 579 402 644 Cirristes
418 583 529 664 gepurt
547 579 741 645 [ironiaeiren
758 581 892 647 iirnderi
918 582 979 660 ior,
1007 584 1137 649 darnacb
1161 584 1192 648 in
1217 584 1288 648 dem
1311 585 1389 649 aciat
1414 585 1468 648 rud

263 690 459 770 aiertzgisten
476 689 521 752 iar
537 710 573 753 an
590 695 657 754 sant
674 689 790 774 Philips
805 691 864 754 ond
882 697 949 757 sant
964 691 1078 759 Jacobs
1095 693 1196 758 abent.

336 829 455 901 original
467 831 515 887 eni
524 833 682 904 Pergunent
695 833 742 890 mit
754 834 954 908 beschidigtem
968 837 1070 907 Siegci‚
1083 837 1125 892 ein
1137 835 1247 894 recites
1261 840 1339 893 tebit.

821 1082 909 1163 cci.

264 1223 345 1295 idid,
361 1224 446 1285 ilion.
464 1257 493 1266 —
508 1225 624 1297 Hersep
641 1225 773 1283 noceor
791 1227 829 1284 11.
853 1227 984 1298 tuicitpt
1005 1228 1059 1283 der
1075 1225 1156 1284 Alter·
1175 1228 1406 1299 Heiligmbrean
1422 1230 1466 1284 die

263 1314 360 1371 beiden
373 1315 543 1386 valstanus
563 1317 720 1396 inxrirterr
736 1318 891 1374 orm
903 1317 998 1390 Kdrrs'g
1009 1318 1142 1392 liudulfe
1161 1319 1183 1374 1.
1202 1319 1270 1375 ride.
1286 1319 1347 1375 24.
1359 1322 1466 1376 ram

410 1407 498 1464 1286
509 1407 570 1464 rand
581 1409 693 1480 Herzog
704 1408 859 1466 Albrecbt’a
872 1411 893 1466 1.
906 1409 972 1466 dds.
986 1407 1040 1464 24.
1054 1411 1204 1466 Dece-ier
1221 1411 1320 1468 1266.

354 1558 416 1622 Nos
432 1559 580 1624 eilbertus
594 1558 645 1621 dci
661 1560 766 1639 gracia
784 1559 848 1623 Dux
864 1559 1003 1632 Austric,
1019 1559 1131 1646 Styric
1145 1566 1176 1623 et
1193 1559 1382 1632 [orbatis-ic,
1406 1561 1462 1622 iic-

261 1670 357 1730 minns
372 1668 536 1739 cernon,
564 1669 711 1734 Morclc'e
726 1687 762 1733 ac
786 1669 1034 1740 ceconomo,
1052 1668 1159 1733 Comes
1176 1668 1205 1730 in
1219 1667 1462 1734 Hubiclacdurci

263 1784 294 1839 ct
309 1778 339 1838 in
359 1776 532 1848 Cbiburclo.
556 1796 613 1841 nec
641 1797 699 1842 noo
717 1775 919 1860 bantgranius
934 1777 1080 1850 Alsocr'or.
1109 1775 1315 1861 dominusque
1333 1777 1463 1842 Plrisrc-

260 1895 366 1951 tcrnm
381 1885 519 1950 omnibus
535 1885 567 1950 in
584 1892 751 1969 perpetum.
783 1886 971 1952 Constitutus
988 1887 1017 1951 in
1035 1891 1136 1951 nostra
1154 1887 1318 1970 presencia
1334 1885 1463 1949 bonora-

262 1995 331 2059 biiis
367 2001 399 2059 et
424 1993 595 2078 Religiosus
623 1997 672 2060 rir
694 1995 822 2062 deuotus
849 2003 952 2062 nostor
980 1995 1109 2060 dilectus
1138 1997 1235 2060 irater
1258 1994 1462 2063 cuonradus,

262 2101 362 2168 dbbas
376 2104 552 2170 dinnasterii
569 2105 687 2172 Sancte
704 2106 824 2180 Crucis,
842 2105 964 2170 Ordinis
981 2105 1210 2176 eistereiomis,
1235 2104 1465 2169 Prttbcaicneie

262 2211 420 2298 dyocesis,
445 2235 499 2298 pro
524 2236 560 2278 se
583 2219 615 2279 et
630 2235 686 2279 suc
702 2213 860 2280 Conuentn
878 2213 964 2280 nobis
982 2213 1133 2278 humiliter
1149 2213 1362 2297 supplicarit,
1393 2233 1463 2297 qua-

262 2326 351 2385 tenos
370 2322 532 2406 priuilegia
555 2321 684 2408 quedam
710 2343 766 2407 per
789 2323 859 2389 diue
881 2321 1108 2388 recordacionis
1130 2323 1356 2388 serenissimos
1377 2325 1464 2388 Prin·

263 2431 348 2514 cipes
371 2431 529 2496 Dominum
552 2434 737 2518 liudolfum,
764 2453 853 2497 auum
882 2439 1034 2506 nostrum,
1060 2439 1091 2498 ct
1119 2433 1276 2496 Dominum
1299 2433 1463 2498 diderint

263 2541 430 2622 genitorem
444 2548 588 2613 nostrum,
601 2544 799 2609 Romanorum
810 2543 911 2626 tieges
920 2543 1135 2628 progenitores
1148 2547 1269 2606 nostros
1281 2541 1462 2607 karissimos

262 2670 410 2714 concessa
437 2658 468 2717 et
489 2651 654 2736 approbata
679 2651 769 2716 etiarn
794 2672 848 2716 nos
865 2653 942 2736 ipsis
959 2658 991 2716 et
1006 2671 1059 2715 suo
1076 2651 1260 2716 idonasterio
1276 2651 1462 2736 approbare,

262 2759 407 2822 innonare
424 2764 455 2823 et
472 2757 642 2824 concedere
667 2758 705 2824 de
723 2759 850 2842 speciali
872 2760 977 2842 gracia
1000 2759 1203 2844 dignaremur.
1244 2761 1381 2842 Quorum
1400 2759 1462 2845 pri-

263 2866 441 2948 uilegiorum
463 2875 553 2932 tenor
568 2869 654 2933 anius
671 2867 741 2933 talis
757 2877 813 2932 est.
858 2867 967 2956 (uolgo
983 2870 1033 2933 die
1049 2867 1162 2934 Fontes
1179 2867 1234 2931 itt.
1252 2869 1307 2940 Xl,
1337 2891 1367 2953 p.
1387 2867 1463 2940 248,

261 2975 315 3038 Nr.
330 2973 484 3043 cccxxv
500 2977 706 3060 abgedruclte
720 2977 866 3043 Urlnnde
879 2977 994 3064 lidnigs
1013 2977 1125 3041 liudolf
1142 2977 1165 3040 i.
1182 2977 1253 3040 ddc.
1271 2975 1326 3040 ci.
1345 2977 1464 3041 daunrr

266 3084 381 3168 1286.)
403 3083 505 3148 'l'enor
526 3106 599 3150 vero
622 3087 747 3151 secundi
769 3087 922 3169 priuilegii
944 3088 1011 3150 talis
1029 3093 1085 3151 est.
1123 3087 1230 3173 (Folgt
1245 3085 1297 3150 dic
1327 3085 1388 3151 ioc.
1412 3088 1462 3152 cit.

261 3213 290 3276 p.
307 3193 374 3256 262
402 3191 611 3274 abgedrucirlc
627 3194 772 3259 Urinndc
789 3194 926 3278 lierzogs
944 3195 1090 3260 dibrccht
1116 3197 1136 3260 l.
1166 3195 1235 3261 ddo.
1254 3196 1309 3260 24.
1329 3197 1462 3260 liccem-

262 3301 318 3364 ber
337 3299 455 3386 1286.)
479 3301 541 3367 Nos
558 3305 658 3388 itaque
675 3305 902 3388 progenitorum
921 3311 1102 3378 nostrorum,
1119 3303 1321 3368 Romanorum
1334 3307 1462 3388 Regum.

262 3431 297 3472 ac
315 3409 438 3472 aliorum
456 3412 623 3496 principum
640 3411 802 3477 illustrium
819 3415 957 3497 vestigiis
974 3415 1159 3490 inherentes,
1176 3413 1226 3497 qui
1243 3413 1461 3476 dinnasterium

262 3519 383 3585 Sancte
398 3520 509 3586 cneo
524 3521 695 3604 predictum
711 3526 856 3587 auxerunt
871 3522 1035 3587 bonoribus
1051 3529 1082 3587 et
1098 3521 1253 3586 fauoribus
1271 3522 1462 3605 ampliarunt,

261 3625 459 3691 deuocionem
489 3649 609 3714 quoquo
629 3631 799 3702 sinceram,
828 3651 885 3714 qua
910 3630 983 3695 dicti
1001 3631 1104 3696 dilecti
1121 3629 1245 3696 nostri.
1283 3680 1291 3696 .
1312 3629 1416 3696 dbbas
1433 3640 1461 3694 et

280 3777 290 3799 .-
325 3735 531 3800 .Connentus
563 3739 644 3802 circa
673 3735 766 3802 diuini
800 3739 898 3804 cultus
926 3739 1069 3825 obsequia
1096 3739 1266 3804 icruentier
1292 3739 1460 3823 inuigilant,

261 3845 411 3909 sincerius
443 3844 653 3919 attendentes,
686 3847 805 3913 deuotis
837 3849 970 3932 ipsorum
1003 3847 1145 3933 precibus
1178 3847 1393 3913 incurabiliter
1414 3847 1459 3910 in·

261 3955 380 4027 rdinati,
406 3955 575 4040 prescripta
607 3974 709 4020 eornm
745 3957 922 4042 priuilegia,
962 3965 1049 4042 proni
1080 3961 1149 4020 sunt
1190 3955 1335 4043 superius
1369 3975 1459 4018 anno

263 4067 346 4134 tata.
375 4083 411 4127 ac
440 4084 545 4128 omnes
567 4069 598 4128 et
621 4065 758 4148 singulos
781 4065 925 4131 articulos
950 4067 979 4129 in
1001 4066 1045 4130 eis
1070 4070 1244 4137 contentos,
1272 4064 1459 4129 inponamus.

262 4171 463 4253 approbamus
492 4192 528 4236 ac
555 4175 707 4256 presentis
736 4177 841 4258 scripti
866 4175 1027 4239 munimine
1050 4173 1238 4237 roboramus.
1275 4168 1360 4238 Nulli
1389 4191 1459 4256 ergo

263 4280 381 4343 omniuo
397 4279 547 4346 hominum
565 4289 732 4348 nostrornm
751 4283 880 4348 iideiiurn
899 4285 973 4347 barin
992 4285 1094 4345 nostre
1110 4279 1332 4356 innouacionis,
1350 4303 1459 4368 appro-

264 4387 410 4460 bacionis‚
428 4410 482 4454 seu
500 4391 727 4456 ratihabicionis
743 4391 881 4475 paginam
901 4389 991 4454 liccat
1007 4389 1185 4472 infringere,
1203 4396 1254 4454 aut
1270 4391 1298 4454 ei
1316 4390 1346 4453 iu
1364 4391 1459 4476 aliquo

263 4517 336 4562 ausu
357 4497 516 4564 temerario
538 4499 705 4571 contraire,
737 4501 816 4584 quod
843 4499 892 4586 qui
921 4500 1023 4564 iacere
1051 4497 1308 4583 praesumpserit,
1336 4519 1457 4583 gramen

264 4614 367 4675 nostre
392 4607 614 4692 indignacionis
640 4607 776 4690 rigorem
809 4629 843 4672 se
870 4610 990 4674 nouerit
1018 4607 1194 4672 incurrisse.
1238 4608 1271 4673 ia
1295 4605 1386 4672 cuius
1417 4605 1459 4672 rei
