3059 5067
264 392 343 467 332

262 571 429 656 predictam
456 568 683 654 possessionem
717 566 842 633 Weliud
867 566 941 631 dicti
971 564 1120 653 Gregorii
1148 562 1186 626 de
1213 565 1279 627 iure
1302 562 1461 646 pertinens

260 681 353 745 suerit
368 684 398 744 et
422 679 551 744 attinere
567 676 694 750 debeat,
722 676 851 761 ipseque
873 678 953 738 mete
977 678 1008 738 et
1029 676 1115 756 signa
1138 670 1258 736 metallo
1283 671 1462 756 peripsum

262 792 489 873 procuratorem
512 803 598 848 suum
627 789 751 848 ostense
775 790 807 846 et
833 782 1038 847 demonstrato
1064 800 1100 845 ac
1127 778 1248 843 tandem
1275 799 1332 864 per
1358 778 1461 862 ipsum

261 894 463 966 reamhulnte,
493 892 637 957 uidelicet
659 898 740 955 mete
756 897 837 955 terra
860 896 891 955 et
914 891 1002 973 signa
1017 888 1137 954 maulia
1155 889 1236 953 dicte
1252 888 1461 972 possessionis

260 1023 315 1067 sue
334 1002 518 1085 Tunnfuluo
544 1021 561 1064 a
586 1006 672 1083 purte
696 1005 859 1064 memorate
877 1000 1081 1083 possessionis
1105 998 1223 1063 Weliud
1236 998 1331 1081 ipsius
1347 997 1463 1060 actoris

261 1114 439 1193 separantes
462 1109 575 1173 luerint
598 1111 630 1171 et
651 1109 839 1177 existerent,
869 1106 974 1171 dicere
995 1112 1027 1172 et
1050 1106 1167 1171 reterre
1187 1109 1327 1181 tenetur,
1356 1104 1410 1189 qui
1438 1104 1463 1169 si

260 1218 359 1300 ipsam
375 1216 635 1281 conscienciosam
652 1216 857 1280 assessionem
874 1215 1010 1287 laceret,
1037 1220 1109 1279 tunc
1125 1214 1251 1279 eandem
1266 1218 1382 1277 terrem
1400 1212 1461 1276 liti·

260 1323 375 1407 giosam
392 1324 550 1407 premissis
567 1323 672 1394 metis,
700 1324 869 1406 peripsum
887 1324 1020 1387 ostensis
1039 1328 1068 1386 et
1084 1321 1277 1388 reamhulatis
1293 1322 1323 1386 in
1341 1320 1461 1385 modum

260 1432 480 1497 suffieiencium
510 1431 726 1516 epparencium
753 1436 900 1495 metarum
929 1435 1100 1504 renouatio,
1128 1450 1248 1495 sursum
1274 1430 1404 1494 eleuatis
1432 1440 1463 1495 et

260 1543 374 1606 erectis
401 1539 439 1604 ad
468 1540 580 1604 dictam
608 1542 833 1623 possessionem
861 1541 1030 1607 Tunalalua
1058 1541 1154 1625 ipsius
1183 1539 1300 1603 Domini
1330 1538 1461 1605 Abbatis

260 1649 541 1731 adiungenteidem
554 1650 682 1714 Domino
695 1649 818 1713 Abbati:
836 1652 863 1715 si
880 1670 952 1716 uero
971 1652 1064 1734 ipsam
1082 1650 1341 1715 conscienciosam
1359 1668 1464 1713 esser·-

260 1758 378 1823 cionem
397 1757 500 1820 lacere
517 1754 625 1828 nollet,
651 1756 700 1818 uel
716 1775 774 1819 non
791 1761 912 1840 posset,
938 1763 1011 1821 tunc
1028 1755 1154 1821 eundem
1169 1763 1280 1821 terram
1296 1755 1462 1839 litigiosam

259 1864 418 1950 premissis
445 1867 534 1929 metis
556 1885 611 1949 per
633 1866 731 1947 ipsum
754 1864 944 1952 Gregorisen
966 1870 1098 1929 actorem
1127 1866 1256 1928 ostensis
1278 1870 1311 1929 et
1334 1864 1463 1929 demon-

258 1973 374 2044 stratis,
391 1975 421 2036 in
437 1972 708 2058 superioribusque
724 1974 905 2057 conscriptis
928 1974 1086 2037 conterent
1111 1974 1140 2035 in
1163 1970 1282 2035 modum
1305 1991 1462 2058 apperen-

258 2080 337 2146 cium
354 2086 499 2144 metarum
524 2083 638 2145 erectis
667 2086 699 2144 et
726 2082 880 2145 renoustis
904 2078 942 2145 sd
965 2079 1076 2145 dictam
1092 2081 1318 2165 possessionem
1340 2081 1465 2147 Wls’uod

258 2193 354 2275 ipsius
384 2192 535 2278 Gregorii
557 2190 736 2276 applicando
765 2189 863 2255 eidem
888 2192 1043 2279 Gregorio
1071 2196 1103 2254 et
1131 2190 1194 2255 suis
1224 2190 1463 2255 successorihus

258 2300 410 2364 uniuersis
426 2300 455 2363 in
471 2304 651 2384 perpetuum
667 2300 829 2383 possidere
845 2304 969 2371 tenore,
998 2308 1088 2383 prout
1113 2306 1144 2365 et
1158 2298 1275 2364 hahere
1290 2305 1464 2365 statuerent

260 2418 291 2472 et
318 2408 541 2474 committerent
568 2408 646 2489 regii
675 2413 707 2471 et
738 2408 882 2492 Capituli
905 2408 1090 2475 Jouriensis
1116 2410 1254 2474 homines
1281 2410 1464 2493 supradicti,

260 2516 504 2581 contradictione
520 2514 686 2579 earundem
699 2518 831 2598 parcium
849 2523 881 2581 et
896 2516 1021 2581 eliorum
1035 2518 1237 2602 quorumlibet
1249 2536 1308 2581 non
1321 2518 1466 2581 obstante

263 2629 294 2687 et
310 2630 471 2708 propterea
495 2625 590 2707 ipsius
612 2624 843 2689 conscieuoiose
865 2626 1048 2691 assercionis
1073 2632 1104 2690 et
1119 2625 1350 2709 possessionum
1366 2630 1465 2689 suru-

261 2733 371 2797 icionis
399 2732 478 2795 diem
506 2752 572 2795 cum
602 2732 743 2796 cursibus
773 2739 918 2798 metarum
940 2739 971 2797 et
992 2736 1126 2799 terminis
1153 2733 1226 2797 inihi
1251 2734 1329 2817 parti
1356 2736 1466 2817 negari

262 2859 411 2924 processu
428 2840 464 2902 ad
490 2849 611 2904 octones
637 2840 707 2904 testi
724 2841 804 2906 beati
820 2841 978 2907 Michaelis
995 2843 1195 2926 Archangeli,
1225 2839 1366 2905 similiter
1389 2847 1464 2907 tuno

261 2948 412 3011 affirmans
429 2948 515 3013 nohis
532 2968 587 3032 per
610 2955 713 3031 partes
729 2950 758 3011 io
777 2949 885 3014 litteris
903 2952 977 3015 dicti
995 2952 1124 3035 Capituli
1141 2949 1335 3015 nolueramus
1351 2970 1464 3036 repor-

260 3058 326 3121 tari.
351 3057 487 3121 Tandem
503 3058 579 3140 ipsis
595 3062 703 3121 octsua
720 3058 792 3123 testi
810 3060 887 3123 besti
905 3060 1065 3125 Michaelis
1080 3059 1264 3143 Archangeli
1280 3059 1463 3126 instantibus

259 3165 387 3248 prelatis
410 3165 517 3227 Frater
539 3166 683 3230 ,loannes
704 3186 758 3249 pro
782 3167 849 3250 ipso
867 3168 993 3231 Domino
1010 3168 1116 3232 Fratre
1133 3169 1327 3234 colomanno
1343 3168 1462 3233 notate

261 3291 327 3335 cum
345 3272 564 3356 procuratoriis
591 3272 702 3337 titteris
724 3275 837 3338 nostris
860 3275 897 3339 ad
927 3282 1060 3341 nostram
1089 3275 1238 3341 ueniendo
1267 3278 1461 3360 presencie·

260 3381 376 3444 litteras
394 3382 501 3464 prelati
515 3384 658 3470 Capituli
668 3383 849 3450 Jouricnsis
864 3404 957 3469 super
971 3386 1131 3468 premissis
1148 3386 1290 3451 memoria
1303 3386 1460 3452 contectas

261 3487 349 3552 nohis
374 3490 583 3571 presentauit,
611 3489 760 3555 hahentes
783 3493 863 3557 hunc
884 3499 1036 3558 tenorem:
1061 3493 1124 3557 Nos
1141 3492 1310 3578 Capitulum
1326 3496 1460 3560 ecclesie

260 3598 442 3664 laoniensis
453 3598 556 3662 damus
574 3620 628 3683 pro
646 3602 801 3673 memoria,
819 3601 977 3685 quodcum
995 3623 1050 3665 nos
1063 3602 1197 3687 receptis
1215 3604 1327 3667 litteris
1340 3604 1459 3686 blegni-

259 3706 310 3770 flci
325 3706 399 3776 uiri,
417 3703 543 3771 Comitis
559 3707 674 3774 Jooodi
687 3710 728 3773 de
743 3708 880 3797 Scepsis,
908 3708 1017 3774 iudicis
1034 3712 1117 3775 curie
1135 3709 1252 3775 Domini
1267 3712 1381 3793 Regis,
1398 3714 1458 3777 lor·

258 3835 335 3878 mam
353 3836 408 3878 sue
425 3814 570 3879 iudicaris
582 3818 805 3881 commissionis
818 3817 1040 3888 denotantibus.
1057 3820 1136 3882 inter
1150 3818 1350 3906 Gregorinon,
1369 3819 1456 3885 hlium

258 3926 363 3990 Betae
377 3925 419 3989 de
433 3924 669 4013 Enochesfleng,
688 3934 823 3991 actorem
840 3928 877 3991 eh
894 3948 961 3999 una,
979 3933 1010 3991 et
1026 3928 1204 4009 religiosum
1220 3930 1338 4005 uirum,
1354 3928 1456 3995 Domi-

259 4052 328 4096 num
356 4032 494 4098 Fratrem
523 4035 768 4107 Coloruonnom,
796 4034 942 4097 Ahhutem
968 4037 1101 4100 ecclesie
1128 4035 1247 4101 Soracte
1270 4038 1403 4112 Ornwte,
1430 4040 1455 4101 in

259 4159 379 4202 causam
397 4146 567 4213 attractum,
585 4150 671 4225 parte
687 4145 724 4208 ah
740 4142 852 4215 alters,
876 4145 1040 4215 conlectis,
1064 4163 1205 4209 unacum
1223 4144 1372 4219 Simone,
1402 4146 1455 4211 tilio

258 4247 355 4310 Pauli
369 4248 408 4311 de
424 4250 564 4321 Zeleste,
591 4250 748 4315 [lominum
764 4253 940 4324 deuncem,
970 4252 1161 4316 sacerdotem
1177 4252 1264 4317 chori
1282 4257 1399 4327 nostri,
1426 4274 1454 4319 er

258 4356 432 4436 magistrum
467 4357 571 4422 attaris
598 4358 703 4425 Sancti
732 4361 878 4427 Demetrii
909 4361 1068 4447 blsrtyris,
1104 4362 1134 4424 in
1162 4381 1294 4445 corpore
1319 4366 1454 4447 predicte

259 4464 394 4527 ecclesie
417 4471 520 4529 nostre
536 4467 714 4539 existentis,
743 4489 799 4552 pro
822 4475 907 4552 parte
930 4471 1061 4535 annotati
1079 4470 1244 4558 Gregorii,
1274 4470 1328 4534 lilii
1345 4472 1451 4542 Belsd.

246 4566 290 4634 'el
321 4571 469 4638 Motboco
500 4576 541 4639 dc
568 4574 689 4646 Xutho,
719 4577 886 4643 hominibus
921 4580 1037 4663 regiis,
1071 4581 1247 4662 magistrum
1276 4581 1452 4670 Georgium,
