3059 5067
587 658 723 740 CXVII.

54 799 143 873 lost,
164 799 205 860 ld.
224 799 319 873 April,
335 800 469 874 dtinuit.
489 832 525 843 —
539 801 699 871 Indulgens
717 800 865 857 mebrerer
885 800 1019 875 Bisrbbfe
1038 800 1092 873 fur
1108 800 1155 857 dic
1174 800 1255 857 Abter'

542 894 768 964 uernam.

147 1001 309 1067 Uniuersis
340 1010 445 1069 sancte
473 1004 579 1068 blalris
607 1005 741 1069 ecclesie
769 1004 886 1075 Filiis,
921 1000 959 1065 ad
989 1021 1066 1085 quos
1093 1007 1254 1084 presentes

53 1108 160 1173 littere
189 1112 399 1193 peruenerint,
431 1110 494 1175 Nos
521 1112 713 1178 miseratione
743 1110 843 1174 diuina
871 1109 981 1176 Simon
1007 1107 1255 1192 archiepiscopus

49 1218 264 1306 pomnen,
301 1218 456 1285 Guillmns
482 1222 724 1309 terpcotincnsis
753 1221 933 1302 episeopus,
966 1218 1130 1283 Jordcnns
1162 1237 1255 1282 cccr-

52 1325 166 1391 ncnsis
196 1326 381 1409 episcopus,
418 1327 570 1393 Meterius
607 1329 826 1416 Golipolitom.
864 1326 1052 1409 episcopus,
1091 1324 1257 1391 dobonnes

53 1434 240 1499 mettensis
270 1436 454 1519 episcopus,
490 1436 676 1523 Bonifucins
710 1434 947 1502 sanctonensis
978 1433 1163 1518 episeopus,
1192 1434 1256 1497 lto·

53 1542 166 1627 dolsus
197 1542 386 1629 siripncnsis
414 1544 596 1628 episeopus,
630 1544 794 1611 Jobcnnes
821 1543 1053 1609 deriucstcnsis
1083 1543 1256 1627 episcopus,

53 1650 188 1715 Madiane
216 1649 399 1715 dnniteneis
426 1652 588 1735 episcopus
613 1658 644 1715 et
676 1652 855 1717 Antoninus
881 1650 1067 1738 saponcnsis
1093 1649 1256 1734 episcopus

54 1756 186 1823 salutem
223 1757 254 1820 in
279 1756 398 1822 domino
420 1760 642 1842 sempiternam.
676 1759 729 1824 Pia
756 1766 852 1825 mater
875 1758 1006 1822 ccclesia
1032 1757 1071 1821 de
1092 1759 1255 1821 animarum

54 1866 155 1930 salute
182 1864 314 1929 sollicita
342 1866 541 1931 deuocionem
577 1912 903 1930 ........
943 1884 1065 1929 munera
1087 1864 1256 1948 spiritualia

52 1974 168 2039 remiss
190 2016 516 2035 ........
537 1974 745 2057 indulgencias
767 1975 897 2039 innitare
919 1972 1080 2039 consueuit
1103 1970 1141 2035 ad
1163 1969 1253 2035 debi-

52 2088 118 2145 tum
154 2079 316 2145 famulatus
351 2081 493 2146 honorem
530 2082 587 2146 deo
621 2088 652 2147 et
681 2084 778 2147 sacris
809 2082 917 2147 edibus
945 2078 1193 2166 impendendum,
1223 2082 1258 2143 ut

53 2194 171 2276 quanto
196 2187 335 2254 erebrius
357 2194 389 2253 et
412 2189 552 2254 deuotius
569 2190 642 2254 illuc
659 2190 784 2255 confluit
800 2191 928 2273 populus
944 2188 1153 2259 christiamus,
1175 2185 1254 2250 assi·

53 2298 124 2363 duis
141 2297 301 2362 saluatoris
318 2298 451 2379 greciam
467 2298 611 2382 precibus
631 2297 819 2383 implorando
835 2303 918 2361 tanto
934 2296 1114 2361 delictorum
1129 2314 1252 2359 suorum

52 2406 174 2471 ueniam
188 2412 220 2469 et
232 2404 357 2488 gloriam
369 2406 456 2488 regni
470 2406 594 2471 celestis
607 2408 750 2491 consequi
765 2410 914 2469 mercetur
927 2409 1071 2469 eternam.
1088 2402 1254 2487 Cupientes

51 2514 167 2597 igitur,
198 2520 232 2578 ut
263 2514 472 2579 monasterium
498 2522 610 2581 senne
637 2516 741 2580 mucis
770 2514 980 2597 religiosorum
1008 2512 1145 2577 Virorum
1175 2512 1253 2574 iuxta

59 2622 206 2697 menne,
223 2621 339 2685 ordinis
352 2620 563 2687 cisterciensis
578 2622 761 2707 petauiensis
777 2622 920 2693 diocesis,
937 2621 1079 2701 congruis
1091 2619 1255 2684 honoribus

54 2730 271 2815 frequentetur
295 2734 325 2792 et
348 2750 364 2792 a
389 2730 653 2794 christifidelibus
671 2730 783 2812 iugiter
805 2733 985 2804 nonoretur,
1012 2727 1157 2792 Omnibus
1179 2747 1254 2791 uere

52 2837 263 2924 penitentibus
279 2842 310 2901 et
326 2837 486 2911 confessis,
504 2839 555 2921 qui
570 2839 607 2901 ad
626 2837 737 2903 dictum
755 2837 968 2902 monasterium
985 2838 1014 2900 in
1033 2842 1159 2919 utroque
1174 2836 1254 2899 festo

55 2951 166 3012 sancte
183 2944 291 3010 Crucis
307 2951 338 3007 ct
352 2944 381 3007 in
402 2943 468 3008 aliis
491 2946 578 3010 festis
594 2945 797 3030 infrascriptis
813 2942 966 3017 uidelicet,
996 2943 1112 3009 Natalis
1129 2944 1252 3016 domini,

57 3050 504 3137 Circumcisionis,llpiphsnie,
521 3073 597 3117 cene
609 3053 720 3117 domini
732 3072 917 3137 parasceues
929 3052 1052 3137 pasche,
1070 3053 1258 3117 ascensionis

55 3165 256 3247 pentecostes
279 3160 421 3223 trinitatis
438 3158 582 3245 Corporis
605 3161 720 3226 christi.
754 3162 785 3225 ln
810 3159 946 3224 omnibus
967 3166 999 3223 et
1018 3161 1146 3245 singulis
1166 3160 1255 3224 festis

58 3270 154 3334 Reate
170 3269 263 3332 marie
280 3267 423 3349 Virginis,
456 3268 626 3333 Natiuitatis
643 3275 675 3332 et
691 3267 904 3334 decollaciouis
922 3268 1002 3333 beati
1016 3269 1161 3333 lobannis
1176 3268 1254 3351 bap-

57 3380 143 3450 tiste,
175 3376 333 3442 Beatorum
355 3377 434 3460 petri
456 3382 486 3441 et
506 3375 588 3462 pauli
609 3376 812 3461 apostolorum
828 3382 866 3441 -et
882 3379 1010 3441 omnium
1033 3375 1156 3440 aliorum
1186 3395 1257 3439 san-

58 3490 176 3550 ctorum
198 3482 402 3567 apostolorum
426 3490 456 3549 et
478 3485 740 3566 evangelistarum,
764 3485 862 3549 sancti
891 3483 1047 3549 michaelis
1069 3483 1256 3567 archangeli,

58 3593 241 3658 Sanctorum
258 3592 413 3665 laurencii,
438 3592 606 3666 vincenci,
622 3592 773 3676 stephani,
791 3592 914 3664 fabiani,
931 3592 1106 3665 sebastiani,
1130 3590 1257 3675 Georgii

62 3707 95 3766 et
123 3700 231 3765 decem
260 3699 381 3765 millium
404 3699 526 3765 militum
549 3701 719 3773 Benedicti,
743 3700 895 3773 bernardi,
924 3699 1076 3773 ambrosii,
1104 3699 1256 3784 augustini

58 3808 217 3878 leronimi,
246 3808 383 3894 Nicolay,
407 3808 538 3881 martini,
567 3804 718 3881 dominici,
741 3808 893 3881 francisci,
914 3807 1001 3881 sini,
1024 3806 1119 3890 egidii
1135 3808 1258 3871 confes·

57 3936 173 3991 sorum,
191 3916 388 3981 Beatemarie
400 3915 589 3999 magdalene,
606 3916 752 3989 katerine,
771 3916 953 4000 Margaretc,
971 3916 1109 3990 barbare,
1125 3915 1256 3998 agnetis,

57 4024 154 4089 Lucis
170 4029 277 4107 rigate,
293 4025 402 4091 cecilie
418 4024 569 4090 elisabeth
585 4024 676 4089 nidus
692 4028 722 4087 et
737 4025 878 4091 undecim
894 4026 1016 4091 millium
1035 4025 1194 4107 uirginum.
1225 4022 1257 4086 ln

58 4136 352 4200 commemoracione
368 4132 497 4197 omnium
515 4138 686 4197 sanctorum
703 4135 735 4195 et
751 4134 914 4196 animarum
932 4138 964 4198 et
979 4154 1033 4217 per
1051 4137 1175 4197 cctauns
1191 4130 1257 4195 dic-

56 4246 156 4306 tarum
169 4241 374 4315 festiuitetum
392 4245 515 4305 cctauas
527 4238 706 4304 habencium
717 4258 806 4304 eausa
819 4242 1008 4314 deuoeionis,
1020 4241 1257 4326 autperegriua·

57 4349 159 4413 cionis
177 4350 378 4420 accesserint,
407 4346 471 4413 Nec
489 4369 565 4420 non,
582 4349 633 4431 qui
650 4346 687 4412 ad
705 4347 867 4424 fabricam,
891 4348 1063 4422 luminaria,
1085 4352 1256 4413 ornamenta

58 4461 110 4520 aut
130 4457 239 4541 queuis
262 4456 319 4521 alia
346 4456 428 4522 dicto
445 4457 627 4521 monasterio
649 4455 824 4520 necessaria
848 4477 953 4521 manus
968 4460 1156 4540 porrexerint
1172 4456 1259 4520 adin-

59 4564 167 4640 trices,
185 4562 242 4628 Vel
259 4564 311 4650 qui
327 4566 356 4628 iu
373 4564 569 4631 dedicacione
586 4562 717 4650 predicti
734 4568 906 4630 monasterii
924 4566 972 4630 uel
987 4567 1065 4630 infra
1081 4570 1205 4631 octauas
1222 4564 1259 4627 ad
