3059 5067
259 382 336 453 334

261 557 387 623 Wcla'ssrt
401 555 511 641 prelati
528 557 679 644 Gregorii
698 576 734 619 ac
756 556 1033 639 prenominatorum
1049 556 1185 619 Fratrum
1210 574 1330 619 suorum
1347 574 1460 619 uersus

255 665 410 729 meridiem
423 669 607 739 remanente,
621 663 691 728 iude
700 684 809 728 uersus
822 662 1037 729 occidentalem
1046 670 1161 747 partem
1173 664 1456 748 perlongitutliaeru

256 775 344 836 trium
368 774 503 858 iugerum
525 777 671 837 terrarum
693 773 849 838 arabilium
864 792 921 857 pro
938 792 1007 837 sese
1023 776 1276 856 cornputatorum¹
1300 773 1349 837 uel
1366 770 1458 856 paulo

255 881 320 965 plus
334 901 440 946 uersus
451 882 550 946 uillam
568 882 725 947 ltbliuclin
735 882 864 967 quadam
876 884 923 947 uia
935 882 1106 965 gramineae
1117 878 1300 945 transeundo
1317 885 1349 945 ct
1361 900 1458 966 peaes

255 991 351 1074 ipsam
367 992 445 1053 uiam
461 1010 549 1053 unam
566 996 674 1053 metam
691 1010 728 1052 ex
739 988 855 1053 duabus
868 991 998 1076 antiquis
1011 992 1099 1054 metis
1111 1009 1127 1052 a
1140 996 1226 1073 parte
1239 990 1387 1073 aquilonis
1400 1008 1456 1072 pra

254 1099 322 1181 ipso
337 1098 466 1162 Domino
482 1096 600 1162 Abbate
616 1106 648 1162 et
664 1098 742 1162 dieta
759 1119 811 1162 sua
828 1100 1024 1182 possessione
1040 1104 1251 1172 renouasseut,
1268 1098 1363 1162 altera
1375 1104 1456 1161 meta

255 1226 311 1291 pro
332 1208 399 1271 iure
415 1208 509 1290 ipsius
523 1208 726 1290 possessionis
748 1208 869 1273 uatium
884 1208 999 1292 absque
1015 1210 1216 1272 renouacione
1232 1211 1410 1271 remanente
1426 1212 1457 1269 et

256 1315 483 1401 peueseanrlem
495 1317 570 1380 uiam
578 1316 779 1396 graminosum
787 1316 824 1381 arl
833 1316 951 1399 plagam
961 1316 1180 1381 occidentalem
1191 1316 1456 1400 perlongumspa-

254 1424 487 1489 tiumteudendo
500 1423 656 1487 exduabas
669 1426 757 1487 metis
772 1426 914 1509 antiquis,
928 1444 1015 1488 uuam
1028 1423 1065 1488 ab
1078 1424 1181 1489 eadem
1195 1432 1280 1508 parte
1290 1424 1456 1507 aquilonari

255 1552 312 1617 pro
334 1532 439 1597 eodem
457 1532 584 1596 Domino
601 1532 717 1596 Abbate
737 1532 874 1616 partibus
897 1532 1066 1597 uolentibus
1083 1538 1115 1596 et
1130 1532 1280 1597 nobilibus
1296 1531 1336 1595 de
1355 1532 1456 1597 uaros

256 1640 523 1705 consencientibus
539 1646 748 1712 renouassent,
761 1640 876 1705 duobus
892 1642 987 1723 signis
1004 1640 1162 1703 metalibus
1175 1660 1282 1705 uersus
1296 1640 1455 1705 meridiem

255 1768 310 1834 pro
327 1749 432 1813 eadem
449 1749 646 1833 possessione
659 1750 784 1815 Wels‘rcd
794 1756 825 1812 et
841 1748 931 1812 dictis
948 1748 1098 1812 nobilibus
1114 1748 1154 1812 sle
1168 1750 1266 1813 Gctua
1282 1750 1318 1811 arl
1334 1750 1456 1831 plagam

260 1856 480 1923 occidentalem
508 1878 598 1921 secus
625 1857 767 1943 quasdam
789 1858 864 1921 (luas
886 1859 948 1921 uias
969 1856 1012 1921 ibi
1035 1858 1164 1922 inuicem
1186 1878 1221 1921 se
1237 1858 1457 1939 contingentes

255 1964 482 2030 remanentibus
504 1974 535 2028 et
555 1965 599 2027 ibi
621 1984 729 2029 cursus
751 1970 897 2029 metarum
920 1965 1056 2049 predicte
1080 1972 1191 2030 statute
1208 1965 1358 2049 particule
1375 1970 1457 2029 terre

259 2074 296 2137 ad
313 2075 541 2158 possessiouem
561 2074 743 2156 ibauscloc
764 2076 895 2157 predicti
914 2075 1031 2138 Domini
1049 2075 1173 2139 Abbatis
1195 2078 1314 2157 aparte
1332 2092 1457 2156 posses-

256 2182 352 2245 sionis
373 2182 496 2246 Wcliocl
508 2181 731 2245 terminaretur.
764 2185 872 2247 Datum
895 2189 979 2247 sexta
1001 2182 1051 2245 die
1071 2184 1192 2246 termini
1209 2182 1362 2265 prenotati
1379 2202 1457 2244 anno

257 2290 375 2353 Domini
391 2289 552 2353 blillesimu
569 2290 799 2354 Trecentesimo
817 2290 1050 2374 septuagesimo
1072 2309 1159 2354 nuno.
1196 2288 1310 2370 Quibus
1332 2290 1456 2375 quidem

256 2396 368 2462 litteris
396 2398 538 2462 exhibitis
561 2401 630 2484 quia
653 2400 764 2483 prelati
789 2400 868 2481 regii
892 2406 924 2462 et
949 2400 1080 2463 annotati
1109 2398 1253 2486 Capituli
1271 2398 1456 2465 scuriensis

256 2506 393 2570 bomines
409 2508 538 2571 termina
555 2509 584 2570 in
601 2507 742 2591 predicto
758 2506 795 2570 ad
814 2508 921 2571 taciem
938 2506 1019 2571 dicte
1037 2506 1239 2591 possessionis
1257 2508 1453 2591 Ttsnusutsm,

258 2620 289 2678 et
304 2634 360 2698 per
381 2634 573 2700 consequens
590 2616 728 2699 predicte
743 2621 827 2680 terre
844 2616 975 2697 litigiose
991 2614 1098 2680 uicinis
1115 2623 1146 2679 et
1162 2616 1376 2680 commetaneis
1392 2616 1456 2678 suis

257 2724 369 2802 lictori,
384 2722 534 2789 uniuersis
549 2723 614 2787 illic
626 2724 761 2805 legitime
774 2726 948 2789 conuocatis
965 2730 996 2787 et
1011 2724 1118 2789 lisdem
1136 2746 1172 2788 ac
1189 2724 1270 2789 dicto
1288 2724 1456 2810 Gregorio,

256 2833 449 2918 presentibus
471 2831 645 2897 accedendo
666 2833 761 2916 ipsam
779 2834 1003 2916 possessionem
1024 2835 1203 2917 lbncsaluc
1225 2852 1281 2916 per
1296 2833 1455 2915 predictas

256 2946 361 3014 metas,
375 2942 615 3027 priusostcnsas‚
625 2962 641 3004 a
650 2945 884 3025 parteanuutate
892 2942 1097 3024 possessionis
1109 2940 1453 3012 Weliodreambulasse‚

257 3052 397 3135 iactaque
412 3052 479 3134 ipsa
507 3048 749 3115 reambulaciuue
765 3050 903 3135 prelatus
920 3050 1064 3113 Dominus
1081 3050 1291 3115 Colomannus
1305 3049 1408 3112 Abbas
1424 3051 1454 3111 in

258 3159 393 3244 predicta
410 3156 526 3242 capella
547 3158 579 3222 S.
596 3158 692 3223 Maris
707 3158 886 3241 blagdalene
902 3160 1020 3222 omuino
1037 3159 1115 3221 iuxta
1131 3164 1262 3221 austrum
1278 3156 1454 3221 iudicariam

257 3267 498 3332 commissionem
527 3267 708 3351 supradictis
734 3286 828 3351 super
855 3267 1034 3351 prescriptis
1061 3266 1318 3330 conscienciosam
1348 3286 1453 3330 asser-

257 3378 375 3441 cionem
399 3395 490 3458 supra
514 3375 624 3439 dictam
640 3376 771 3447 fecisse,
794 3376 977 3459 tandemque
993 3375 1079 3457 Regii
1107 3380 1140 3439 et
1165 3377 1296 3439 annotati
1319 3374 1451 3459 Capituli

260 3484 398 3548 bomines
425 3488 519 3566 ipsam
542 3489 652 3547 terram
670 3482 830 3565 litigiosam
848 3482 884 3545 ad
902 3482 1011 3546 dictam
1027 3484 1250 3565 pussessionem
1269 3484 1451 3567 lisnafuluu

258 3594 356 3677 ipsius
378 3592 496 3656 Domini
512 3590 638 3656 Abbatis
654 3591 847 3673 adiungendo
868 3591 924 3655 sub
946 3592 1103 3676 premissis
1126 3592 1213 3655 metis
1230 3592 1328 3655 eidem
1346 3591 1451 3655 Abbati

258 3702 287 3765 iu
318 3707 496 3786 perpetuum
524 3703 668 3764 statuisse
698 3707 729 3762 et
759 3700 947 3764 commisisse
975 3720 1011 3763 ex
1040 3700 1217 3784 prescriptis
1241 3698 1351 3763 litteris
1382 3700 1451 3763 dieti

259 3811 403 3898 Capitoli
415 3809 597 3877 Jourt'cnsa's
619 3806 926 3891 rescriptionalibus,
954 3828 1008 3892 pro
1033 3827 1070 3872 eo
1091 3828 1149 3873 unu
1169 3828 1235 3872 cum
1261 3810 1350 3890 regni
1367 3809 1451 3873 nebi·

257 3919 348 3990 libus,
373 3918 527 3984 uobiscum
550 3915 807 3989 adiudicantibus,
832 3919 977 4002 prefatam
998 3923 1111 3981 terram
1129 3918 1288 3999 litigiosam
1306 3915 1363 3981 sub
1381 3938 1449 4002 pre-

258 4026 439 4110 scriptarum
466 4032 612 4090 metarum
637 4026 777 4091 cursibus
800 4044 867 4091 cum
892 4024 1028 4091 omnibus
1046 4026 1108 4091 suis
1133 4026 1312 4090 utilitatibus
1330 4033 1362 4091 et
1379 4046 1448 4111 pro-

258 4134 395 4200 ueutibus
412 4136 560 4199 uniuersis
577 4140 716 4199 annotato
731 4136 861 4198 Domino
879 4134 987 4199 abbati
1010 4140 1041 4199 et
1056 4154 1111 4199 sue
1127 4132 1260 4199 ecclesie
1276 4136 1448 4218 supradicte

257 4246 324 4308 iure
352 4244 397 4308 eis
421 4244 540 4307 attineri
566 4242 743 4329 reliquimus
764 4248 796 4307 et
821 4244 1022 4307 commisimus
1043 4243 1075 4306 in
1098 4248 1274 4327 perpetuum
1291 4243 1448 4327 possidere

257 4362 338 4417 terre
356 4358 469 4434 partem
498 4356 530 4416 et
555 4352 670 4416 babere
697 4351 780 4417 saluo
804 4355 870 4417 iure
897 4352 1004 4417 alieno.
1045 4352 1076 4414 lu
1104 4354 1188 4415 cuius
1214 4351 1260 4414 rei
1275 4355 1446 4417 memoriam

256 4462 487 4545 firmitatemque
502 4466 676 4546 perpetuam
693 4470 854 4545 presentes
872 4462 969 4527 eidem
982 4460 1109 4525 Domino
1119 4458 1227 4523 Abbati
1244 4462 1446 4526 concessimus

256 4573 371 4636 litteras
385 4579 502 4636 nostras
516 4569 731 4654 priuilegialcs‚
743 4570 902 4655 pendentis
915 4569 1008 4655 sigilli
1023 4570 1117 4633 nostrl
1131 4570 1273 4634 autentici
1287 4572 1444 4635 munimine
