3059 5067
251 313 328 384 326

249 493 353 555 contm
380 488 558 571 religiosum
586 488 698 559 sirum,
726 487 863 553 Fratrem
884 493 1122 564 Hernicum,
1150 493 1326 573 magistrum
1356 492 1449 557 uras-ic

248 596 334 663 Noui
348 596 475 681 predii,
499 595 644 679 quasdam
669 593 787 661 litteras
805 599 949 687 capiterio·
963 600 1097 665 ecclesie
1110 601 1303 673 Jecur-iem,
1319 602 1447 665 forma.

248 705 451 789 possessionis
468 702 718 768 reambulscionis
735 713 766 768 et
789 707 1041 772 contradicturum
1056 709 1251 773 inbibicionis
1267 728 1304 773 sc
1320 709 1448 773 citacio-

248 815 296 877 nis
321 812 511 877 continentes
533 812 661 877 Domino
685 818 788 877 nostro
817 815 884 897 regi
908 816 945 881 ad
968 815 1143 881 litterarium
1166 836 1252 881 suum
1275 818 1447 881 mandatnm

247 923 442 1007 responsales
463 930 658 1006 tenoremque
682 923 850 987 litterarum
868 925 1014 1006 regalium
1037 926 1095 1009 ipsi
1112 924 1250 1010 Capituln
1266 926 1449 991 dictatorum

249 1030 413 1097 verbaliter
433 1031 465 1093 in
486 1048 522 1094 se
543 1030 692 1095 babentes
714 1050 875 1104 asserens,
896 1035 1124 1099 attestaeionem
1147 1033 1277 1118 predicti
1295 1036 1450 1123 Gregorii

248 1139 359 1205 litteris
375 1142 406 1202 in
422 1138 538 1203 eisdem
553 1140 736 1203 contrarium
751 1139 841 1203 nobis
857 1147 1047 1221 presentarat
1063 1141 1265 1215 desistentes,
1281 1144 1363 1227 quod
1381 1164 1449 1207 cum

249 1247 328 1312 idem
349 1246 521 1333 Gregorius
536 1252 622 1311 actor
637 1250 774 1331 acceptis
791 1250 898 1319 Petro,
910 1250 978 1335 filio
995 1250 1091 1315 Pauli
1106 1250 1143 1314 de
1159 1251 1287 1333 Lopncb
1304 1256 1336 1315 et
1351 1253 1451 1315 Petro

249 1357 379 1427 clerico,
404 1354 478 1420 dicti
494 1355 622 1440 Capituli
637 1354 826 1427 bominibus,
852 1356 929 1421 ieris
946 1358 1078 1423 secunda
1101 1360 1233 1441 proxima
1249 1366 1320 1443 post
1336 1359 1450 1423 testum

249 1465 450 1527 Pentecostes
466 1465 599 1546 proxime
626 1469 697 1527 tunc
713 1466 890 1547 preteritum
914 1466 950 1528 ad
974 1466 1082 1531 faciem
1098 1468 1300 1551 possessionis
1325 1469 1454 1533 Wcliud

253 1576 379 1644 vocate,
396 1572 503 1637 ricinis
519 1577 550 1635 et
565 1574 782 1639 commetaneis
799 1575 863 1638 suis
880 1575 1027 1639 uniuersis
1043 1576 1104 1641 illic
1119 1576 1253 1658 legitime
1270 1578 1451 1641 conuocatis

252 1679 427 1747 accedendo
445 1680 633 1763 eandemque
654 1700 709 1762 per
726 1700 799 1745 suas
816 1701 902 1747 veras
921 1690 1016 1747 metas
1034 1690 1065 1747 et
1080 1685 1218 1767 antiquas
1234 1684 1452 1748 resmbulando

252 1789 289 1853 nb
311 1788 437 1852 aliorum
460 1788 691 1872 possessionum
717 1789 964 1872 protensionibus
986 1791 1163 1877 quibusdam
1186 1792 1273 1857 nouis
1295 1792 1404 1864 metis,
1420 1792 1453 1855 in

252 1899 350 1964 tribus
374 1897 451 1963 locis
474 1898 603 1968 erectis,
626 1899 762 1981 separari
786 1902 817 1963 et
835 1896 894 1963 sibi
917 1919 973 1981 per
989 1898 1112 1965 eosdem
1127 1900 1253 1981 Regium
1270 1904 1302 1963 ei
1318 1899 1453 1983 predicti

253 2005 385 2090 Capituli
410 2006 549 2070 homines
572 2006 662 2069 statui
685 2006 789 2071 iacere
806 2004 953 2073 uoluisset
971 2013 1117 2093 perpetuo
1135 2009 1363 2093 possidendam,
1392 2008 1454 2071 sliu

254 2115 336 2179 nullo
353 2115 579 2179 contradictore
596 2120 772 2199 apparente,
787 2113 950 2198 religiosus
963 2117 1014 2179 uir
1029 2115 1136 2180 Frater
1154 2116 1306 2203 Georgius
1323 2116 1353 2179 in
1369 2136 1455 2181 nouo

250 2224 382 2309 predio,
405 2224 464 2287 nlin
488 2223 608 2287 nomine
622 2222 852 2289 Mesochorum
868 2226 960 2291 curm
977 2230 1102 2294 uocate,
1128 2242 1315 2289 commorans
1333 2222 1363 2285 in
1381 2244 1456 2307 per-

254 2354 327 2397 sons
343 2332 480 2415 religiosi
496 2332 568 2405 riri,
593 2331 710 2396 Fratris
726 2331 921 2404 Hermunm',
945 2332 1082 2413 magistri
1099 2338 1257 2411 prenotate
1274 2334 1380 2405 Grais,
1397 2352 1457 2397 seu

254 2441 333 2506 noui
344 2441 455 2523 predii
469 2440 639 2505 statnicioni
663 2440 803 2523 predicte
826 2442 1034 2523 possessionis
1057 2440 1182 2506 Wcliud
1196 2442 1225 2503 in
1242 2440 1360 2505 duobus
1377 2440 1458 2503 locis

255 2568 309 2613 seu
326 2548 474 2632 partibus,
491 2547 633 2613 videlicet
649 2546 781 2611 Orientis
797 2553 829 2613 et
845 2548 1021 2614 Occidentis
1038 2549 1136 2631 plagis
1154 2547 1362 2613 adiacentibus
1379 2568 1457 2613 con-

254 2655 427 2723 tradixisset
443 2662 474 2721 et
490 2654 706 2740 perhibuisset,
724 2676 815 2740 quem
831 2655 952 2741 quidem
965 2658 1102 2721 Fratrem
1113 2658 1341 2729 Hermerotem,
1359 2656 1459 2739 magi-

254 2772 348 2829 strum
365 2766 461 2848 ipsius
478 2762 568 2829 Curie
591 2763 706 2828 ibidem
729 2770 761 2827 ct
776 2764 882 2829 eodem
899 2766 949 2829 die
967 2774 1072 2829 contra
1088 2765 1236 2847 prefatum
1255 2766 1459 2853 Gregorimrr,

253 2874 348 2938 lilium
363 2874 468 2939 Belnd
488 2876 517 2937 in
535 2873 652 2957 regiam
669 2874 858 2955 presenciam
876 2873 914 2938 ad
930 2878 1067 2937 octauam
1083 2873 1153 2937 iesti
1169 2876 1344 2957 presentis,
1374 2873 1457 2937 besti

253 2983 402 3048 iohannis
418 2982 573 3065 Baptiste,
602 2985 673 3044 tunc
691 2980 863 3045 uenientem
881 2982 1067 3055 citauissent,
1085 2982 1188 3063 regins
1203 2987 1234 3045 et
1250 2982 1346 3064 ipsius
1364 2980 1458 3065 Capi-

253 3091 309 3155 tuli
324 3090 463 3153 homines
477 3088 632 3161 antedicti,
650 3108 774 3174 quarum
787 3089 907 3173 quidem
924 3088 1091 3155 litterarum
1109 3090 1353 3154 exhibioinnibus
1366 3090 1459 3155 iactis

253 3199 410 3284 predictus
431 3198 598 3269 Nicotaus,
628 3202 805 3279 procurator
833 3198 927 3280 ipsius
958 3200 1108 3287 Gregorii
1133 3199 1268 3270 actoris,
1302 3201 1458 3263 racionem

253 3306 404 3392 premisse
421 3305 637 3389 prohibiciouis
660 3304 811 3388 assignari
833 3306 997 3389 postulauit
1013 3328 1068 3390 per
1083 3306 1220 3370 Fratrem
1236 3307 1458 3373 Hermotimum

254 3415 453 3491 antedictum,
469 3412 579 3497 quibus
595 3413 752 3495 perceptis
769 3412 876 3477 Frater
892 3414 1071 3487 Jolrsnrscs,
1100 3413 1261 3479 monachus
1277 3414 1316 3477 de
1333 3414 1459 3481 &scis

256 3526 357 3591 Gruce
366 3543 421 3607 pro
429 3522 575 3603 religioso
585 3520 906 3592 riro,dorninoFrater
913 3522 1207 3597 Colomano,abbate
1216 3523 1311 3605 ipsius
1322 3523 1458 3589 ecclesie

255 3632 374 3698 Sancte
386 3632 507 3702 Cnosis,
521 3648 587 3693 curu
601 3632 819 3711 procuratoriis
832 3630 940 3693 litteris
953 3631 1087 3694 eiusdem
1100 3630 1213 3694 domini
1228 3630 1349 3694 abbatis
1366 3650 1458 3694 erur-

255 3741 359 3821 gendo
373 3737 520 3803 retulerat
536 3758 572 3801 eo
588 3736 696 3809 modo,
726 3736 807 3821 quod
824 3736 896 3803 licet
911 3746 1047 3823 tempore
1063 3740 1212 3823 premisse
1227 3740 1458 3822 possessionum

256 3847 510 3913 reambulacionis
525 3848 555 3909 in
573 3866 701 3929 persona
717 3846 848 3931 predicti
864 3846 980 3912 Fratris
996 3850 1175 3915 Hermmnni
1190 3847 1362 3932 prohibicin
1379 3849 1458 3914 lactu

255 3959 366 4021 luisset
382 3956 546 4027 antedicta,
560 3963 658 4019 tamen
676 3953 859 4019 examinacio
876 3956 1030 4038 presentis
1047 3974 1140 4019 cause
1153 3957 1383 4037 possessionum
1400 3977 1455 4021 non

256 4066 315 4149 ipsi
331 4062 429 4127 Fratri
447 4066 648 4136 Hominum,
671 4084 707 4128 eo
733 4062 812 4147 quod
829 4062 909 4127 idern
926 4063 1032 4126 Frater
1047 4066 1228 4130 Hermanno
1245 4067 1369 4129 nomine
1386 4086 1456 4148 pro·

256 4177 390 4243 curator,
407 4170 595 4236 solummodo
613 4172 782 4255 peripsum
799 4171 949 4237 dominum
967 4172 1169 4237 Colomosum
1185 4168 1326 4235 abbatem
1344 4172 1374 4235 in
1392 4173 1455 4255 ipso

256 4278 363 4364 predio
392 4280 541 4344 extitisset
570 4282 773 4353 constitutus,
808 4278 863 4345 sed
890 4280 949 4362 ipsi
971 4280 1091 4344 domino
1109 4281 1276 4345 Colomono
1295 4278 1405 4343 Abbati
1422 4278 1457 4342 de

258 4390 324 4452 iure
339 4387 450 4452 debeat
468 4390 621 4471 pertinere
644 4393 675 4453 et
690 4388 738 4452 bis
755 4387 846 4453 dietis
861 4388 892 4451 in
909 4408 1039 4471 persona
1057 4388 1187 4471 predicti
1203 4386 1316 4451 domini
1333 4387 1456 4451 abbatis

256 4500 325 4582 ipse
348 4496 455 4561 Frater
474 4497 640 4564 Jolrnsncs
663 4497 864 4579 responderat
887 4498 915 4559 in
939 4496 1018 4561 hunc
1044 4496 1181 4571 modum,
1206 4495 1285 4580 quod
1310 4498 1455 4578 premissa
