3059 5067
1137 449 1209 521 291

30 608 87 671 ller
114 607 179 671 bril
201 610 242 672 ist
266 607 367 690 geben
394 610 470 673 nach
499 610 611 675 Christi
638 612 755 697 gepurd
785 614 976 677 drewtzeben
1009 613 1142 679 blundert
1169 617 1214 679 iar

31 716 156 781 darnacb
172 718 202 781 in
218 718 286 781 dem
302 717 528 801 Sibentzgisten
543 721 597 793 iar,
614 742 650 785 an
667 722 810 805 Samstag
826 724 902 787 nacb
919 723 1023 788 blitter
1039 732 1152 788 vasten.

95 860 214 932 original
227 863 274 917 aui
284 862 441 934 Pergament
452 863 500 918 mit
511 864 569 920 drei
582 864 698 937 Siegeln.

529 1118 713 1199 CCLXIV.

28 1255 102 1329 1310,
112 1258 153 1318 ld.
165 1258 233 1331 lul,
245 1260 365 1321 viterbo.
380 1293 415 1303 —
429 1262 518 1334 Papo
535 1262 632 1321 Urbano
648 1265 679 1318 V.
692 1263 854 1336 bcooflropt
867 1266 921 1321 dea
938 1266 992 1323 Abt
1008 1267 1056 1322 des
1069 1266 1217 1323 Sebottcn-

29 1348 150 1406 mcum
166 1369 206 1407 sac
222 1353 320 1417 Wien‚
345 1371 382 1407 aa
401 1355 604 1419 untcrrocbcn,
627 1356 661 1411 ob
672 1354 734 1409 und
749 1356 853 1413 welcbc
864 1358 1054 1429 Besitaunpen
1072 1359 1124 1414 der
1136 1359 1215 1414 Abtei

29 1442 244 1512 lleilipcnkrcoe
271 1444 361 1499 durcls
394 1445 599 1515 unbcrecbtiptc
625 1446 767 1519 Vereuso
788 1446 937 1503 abbendon
957 1448 1117 1517 pclrornmcn
1139 1448 1217 1504 aeica

263 1534 324 1590 und
335 1533 381 1590 dic
394 1535 567 1591 Restitution
580 1535 725 1591 dcreclbcn
738 1554 777 1590 aa
790 1536 980 1593 vacantem.

115 1674 263 1741 Urdomce
292 1677 456 1761 episcopus
483 1697 592 1741 seruus
620 1697 778 1742 seruorum
802 1677 851 1741 dei
875 1677 991 1741 Dilecto
1015 1678 1092 1743 llilio
1108 1678 1217 1743 Abbati

30 1780 199 1849 llonasterii
214 1784 381 1851 Scatonem
400 1784 431 1847 in
454 1787 612 1871 Wpenno.
636 1785 825 1849 Patauiensis
848 1786 996 1859 diocesis,
1026 1788 1160 1853 Salutem
1188 1796 1218 1851 et

34 1895 226 1975 apostolicam
247 1891 498 1958 benedictionem.
528 1894 573 1959 Ad
595 1894 776 1959 audientiam
800 1899 932 1959 nostram
957 1898 1112 1979 peruenit.
1136 1896 1214 1981 quod

29 2007 82 2065 tam
109 2002 215 2067 dilecti
238 2001 318 2065 lilii.
355 2003 483 2067 ,Abbas
514 2010 545 2067 et
571 2003 745 2069 Couuentus
772 2003 946 2069 llonasterii
968 2013 1080 2071 sancte
1109 2006 1218 2071 Crucis

31 2110 138 2173 ordinis
155 2108 370 2175 cisterciensis
387 2112 576 2177 Patauiensis
592 2114 741 2186 diocesis,
757 2132 846 2198 quam
862 2114 1099 2199 predecessores
1115 2134 1218 2178 eorum

30 2218 171 2293 decimas,
186 2219 335 2297 redditus,
352 2227 460 2293 terras,
477 2222 591 2293 vineas,
608 2223 830 2305 possessiones,
848 2224 961 2296 domos,
978 2224 1104 2296 castilia,
1121 2232 1217 2306 prata,

31 2349 152 2413 paena,
170 2331 329 2413 grangias,
346 2350 484 2403 nemora.
500 2331 685 2408 molendina,
700 2332 775 2407 iura,
792 2334 1027 2407 iurisdictiones,
1045 2340 1076 2397 et
1091 2333 1219 2418 quedam

31 2438 179 2503 olisbona
199 2439 294 2522 ipsius
310 2439 485 2504 llonasterii
508 2440 586 2503 datis
609 2462 701 2524 super
717 2440 775 2505 boc
791 2443 916 2515 litteris,
944 2442 1089 2506 conlectis
1112 2442 1218 2505 exinde

31 2545 154 2631 publicis
170 2548 392 2623 instrumentis,
409 2550 596 2633 interpositis
612 2550 807 2623 iuramentis,
824 2551 912 2615 sactis
928 2550 1220 2615 remunerationibus

32 2662 60 2720 et
68 2657 153 2740 penis
167 2656 292 2721 adiectis
304 2658 334 2719 in
347 2676 471 2739 manem
487 2658 581 2742 ipsius
590 2658 766 2723 llonasterii
778 2660 923 2725 lesionem
937 2661 1085 2725 nonnullis
1098 2658 1220 2725 clericis

32 2774 61 2831 et
73 2767 179 2839 laicis,
195 2767 346 2852 aliquibus
361 2786 464 2833 eorum
482 2768 519 2833 ad
536 2769 636 2841 uitam,
653 2768 833 2853 quibusdam
849 2791 922 2836 uero
940 2772 976 2835 ad
993 2791 1051 2835 non
1069 2771 1218 2836 modicum

32 2882 141 2961 tempus
159 2883 191 2939 et
202 2876 269 2939 aliis
285 2883 433 2959 perpetuo
450 2876 488 2939 ad
500 2876 614 2941 lirmam
630 2876 678 2940 uel
694 2877 751 2941 sub
768 2898 862 2943 censu
879 2898 975 2943 annuo
989 2888 1218 2951 concesserunt,

33 3004 152 3071 quorum
181 2984 271 3071 aliqui
298 2985 437 3051 dicuntur
459 3007 553 3070 super
579 2986 637 3050 biis
660 2987 902 3053 confirmationis
926 2989 1042 3052 litteras
1064 2991 1094 3053 in
1117 2989 1213 3053 forma

33 3096 176 3160 mmmuni
196 3116 213 3158 a
236 3096 312 3161 sede
332 3097 500 3179 apostolica
524 3098 712 3181 impetrasse.
751 3098 827 3181 Quia
853 3118 925 3161 uero
954 3105 1055 3162 nostra
1080 3098 1217 3169 interest,

32 3224 117 3287 snper
132 3207 193 3270 boc
208 3204 247 3268 de
263 3212 410 3287 oportuno
423 3204 556 3269 remedio
570 3206 743 3289 prouidere,
761 3206 938 3269 discretioni
954 3213 1005 3270 tue
1022 3227 1077 3290 per
1093 3212 1217 3291 aposto-

33 3312 82 3375 lim
97 3314 211 3398 scripta
223 3313 544 3398 mandamusquatinus
559 3333 607 3387 ea,
624 3334 684 3400 que
700 3313 739 3377 de
754 3314 841 3379 bonis
853 3314 1146 3397 preiatiblonasterii
1164 3334 1219 3398 per

31 3424 241 3489 eoncessiones
262 3422 431 3487 huiusmodi
448 3421 575 3509 alienata
591 3423 745 3505 inueneris
767 3422 871 3488 illicite
893 3422 940 3486 uel
962 3424 1126 3495 distracta,
1153 3422 1218 3487 Non

32 3529 214 3597 obstantibus
251 3531 378 3603 litteris.
422 3533 645 3605 instrumentis,
683 3532 880 3605 iuramentis,
916 3533 1218 3605 remunerationibus,

32 3643 112 3722 penis
134 3648 166 3707 et
187 3640 462 3706 confirmationibus
484 3641 666 3725 supradictis
688 3642 724 3706 ad
747 3642 795 3706 ius
825 3648 856 3705 et
883 3643 1098 3727 proprietatem
1124 3644 1218 3727 ipsius

34 3748 202 3814 llonasterii
217 3749 351 3834 legitime
366 3769 514 3815 reuocare
530 3770 695 3834 procures,
722 3750 968 3816 Contradictores
986 3770 1042 3833 per
1059 3769 1217 3814 censuram

33 3858 266 3923 ecclesiasticam
288 3857 493 3945 appellatione
519 3860 686 3943 postposita
708 3858 941 3943 compescendo.
986 3860 1095 3921 Testes
1117 3864 1216 3921 autem

34 3968 79 4050 qui
90 3969 202 4033 luerint
212 3970 363 4042 nominati,
379 3969 404 4032 si
417 3989 453 4034 se
465 3968 579 4051 mania,
596 3968 664 4033 odio
678 3968 726 4033 uel
738 3970 846 4033 timore
859 3969 1071 4041 subtraxerint,
1089 3986 1217 4031 censura

33 4074 116 4141 simili
131 4077 333 4163 appellatione
353 4085 494 4143 cessante
510 4076 673 4161 compellas
689 4080 810 4143 ueritati
826 4080 1027 4142 testimonium
1044 4078 1216 4160 perbibere.

34 4183 133 4251 llabnm
153 4186 281 4254 biterbii
292 4188 354 4253 llll.
372 4188 524 4255 llaleudas
540 4188 637 4259 lunii.
667 4189 860 4255 Pontificatus
881 4189 976 4253 nostri
992 4190 1074 4252 Anno
1092 4186 1216 4253 Octauo.

98 4328 215 4402 original
228 4330 275 4385 ani
284 4331 440 4403 Pergament
453 4330 499 4387 mit
511 4328 647 4387 bleibulle.
