3059 5067
9 10 79 297 l

1199 388 1272 461 331

79 564 169 645 regali
185 583 330 628 mensure
347 564 567 649 requisissent,
584 564 639 627 sed
656 563 722 627 uisu
739 560 961 626 considerando
978 562 1195 646 circumspecte
1213 564 1278 629 eius

78 671 219 756 qualitate
236 679 269 736 et
281 674 448 755 quentitete
461 692 518 736 ona
534 690 603 736 curn
619 671 686 735 eliis
704 671 779 735 uiris
792 668 894 753 probis
911 668 949 733 ed
962 670 1158 754 qnadraginta
1173 674 1278 756 iugera

76 791 224 845 terrarum
237 780 394 845 arabilium
405 782 603 847 estimesseat
615 779 767 849 adiacere,
785 778 936 843 uidissent
948 779 1042 841 eoienr
1055 778 1179 851 ibidem,
1197 780 1277 867 quod

77 891 233 961 seriores,
268 889 418 955 rectiores
448 895 481 955 et
514 888 752 974 apperenciores
786 893 881 951 metas
917 890 1142 969 prenominatus
1172 888 1279 954 Frater

73 999 234 1069 lunares,
263 1003 442 1080 procurator
469 998 602 1063 annotati
623 997 743 1061 Domini
768 994 893 1059 Abbatis
917 996 1112 1061 ostendisset
1146 996 1277 1079 Quarum

74 1108 245 1171 litterarum
261 1106 502 1173 exhibicionibus
517 1108 606 1171 lactis
628 1104 761 1189 predicti
779 1108 993 1188 procuratores
1011 1104 1144 1187 parcium
1162 1106 1276 1171 eisdem

73 1216 103 1279 in
120 1215 283 1299 premissis
299 1234 356 1298 per
367 1216 429 1279 Nos
446 1218 521 1281 iuris
538 1217 702 1300 equitatem
716 1214 903 1297 postularent
920 1212 1074 1295 imperari,
1092 1233 1195 1277 uerum
1208 1218 1278 1297 quia

73 1326 213 1406 prelatos
230 1324 376 1387 Dominus
392 1324 494 1389 dbbes
516 1329 611 1388 metes
635 1327 777 1389 annotate
800 1342 853 1385 sue
870 1321 1074 1404 possessionis
1095 1322 1279 1405 Tunefclcto

74 1438 218 1497 nocatea
241 1438 330 1517 parte
350 1432 489 1516 predicte
512 1432 720 1516 possessionis
742 1430 867 1497 Weliud
889 1429 983 1512 ipsius
1001 1430 1150 1516 Greqorit'
1166 1432 1279 1497 ueriori

73 1548 105 1605 et
119 1541 252 1605 rectiori
265 1542 366 1613 modo,
382 1560 470 1624 quem
483 1539 583 1605 disus
596 1541 770 1627 Greporim
784 1543 879 1602 metes
895 1539 990 1619 ipsius
1007 1558 1061 1603 sue
1074 1540 1277 1622 possessionis

76 1650 203 1715 Weds‘ssd
231 1670 248 1713 a
278 1654 365 1732 parte
392 1654 556 1713 memorate
587 1646 791 1731 possessionis
821 1646 1003 1729 Tunnselssa
1032 1647 1126 1730 ipsius
1157 1648 1277 1711 Domini

70 1756 200 1821 ebosus
217 1756 405 1821 ostendisset
419 1756 669 1829 demonstrasse,
693 1756 775 1821 dicta
792 1755 882 1819 etiam
898 1760 980 1819 terre
995 1755 1127 1837 litigiose
1146 1755 1184 1819 ad
1201 1776 1278 1841 que·

71 1866 222 1947 draginta
238 1868 345 1947 iugera
361 1870 513 1930 terrerum
528 1867 669 1931 cstimma
684 1865 797 1940 luisse,
819 1883 857 1927 ex
879 1863 1116 1948 prescriptorum
1142 1864 1277 1949 rescrip-

68 1976 231 2040 tionalium
258 1977 491 2060 consequenciis
520 1973 768 2058 reperiebantur,
801 1975 867 2056 ipse
892 1972 982 2036 etiam
1004 1972 1149 2038 Dominus
1175 1972 1277 2038 Abbas

69 2104 169 2168 snper
186 2084 268 2149 lecto
285 2085 367 2148 dicto
375 2084 590 2167 possessionis
607 2102 665 2147 soe
683 2082 867 2166 Tartessius
887 2086 1026 2153 uocatas.
1051 2081 1161 2145 metele
1183 2084 1278 2165 priui-

68 2192 188 2275 legium
204 2190 320 2257 bebere
348 2198 378 2256 et
393 2191 431 2255 ab
455 2193 514 2257 boc
529 2212 623 2277 super
637 2192 703 2275 ipse
719 2196 803 2255 terra
819 2190 953 2270 litigiose
970 2208 1029 2252 non
1047 2189 1104 2272 ipsi
1122 2190 1276 2277 Grcporro

68 2299 189 2372 actori,
219 2299 276 2363 sed
311 2299 430 2383 prelato
459 2300 586 2363 Domino
614 2300 724 2365 Abbati
752 2300 831 2363 iusta
860 2298 1085 2361 estimsciouern
1115 2299 1278 2363 eorundem

70 2407 211 2473 indicum
242 2408 345 2490 inponi
376 2415 407 2471 ct
439 2408 604 2473 adiudicari
636 2408 751 2475 debere
782 2403 1042 2487 agnoscebantur.
1074 2408 1169 2491 ipsius
1197 2414 1280 2471 terre

70 2515 213 2596 litigiose
234 2514 434 2579 consideretis
456 2517 613 2599 premissis
634 2519 697 2581 suis
721 2516 899 2581 utilitatibus
925 2514 964 2580 ed
988 2520 1056 2579 octo
1080 2515 1219 2580 mercbes
1243 2536 1278 2579 se

69 2621 278 2694 extendebat,
306 2644 363 2706 pra
390 2644 426 2687 eo
455 2644 513 2689 uno
534 2644 602 2689 cum
630 2626 718 2707 regui
739 2624 919 2709 proceribus
942 2623 1098 2688 nobiscum
1121 2624 1152 2687 in
1168 2623 1278 2687 iudicio

68 2729 278 2795 madentibus
298 2733 545 2797 commiseramus
567 2750 604 2795 eo
627 2732 733 2804 modo,
762 2733 843 2817 quod
866 2732 945 2797 idem
962 2732 1107 2796 Dominus
1123 2731 1225 2795 Abbes
1248 2732 1277 2795 in

68 2846 184 2903 octena
207 2840 278 2903 festi
302 2838 385 2902 besti
406 2840 513 2905 decobi
532 2840 670 2924 Apostoli
691 2846 762 2906 tuoe
785 2842 935 2905 uenientis
959 2840 995 2903 ad
1014 2840 1121 2904 taciem
1138 2839 1276 2923 predicte

69 2947 282 3031 possessionis
300 2948 482 3031 Tenoscluc
498 2954 530 3012 et
545 2968 602 3033 per
617 2968 809 3033 consequens
826 2949 908 3013 dicte
922 2953 1004 3013 terre
1021 2948 1153 3029 litigiose
1170 2946 1277 3011 uicinis

69 3061 108 3119 et
124 3056 341 3119 commeteneis
365 3058 430 3119 suis
454 3058 606 3121 uniuersis
621 3057 684 3121 illic
700 3057 836 3139 legitime
852 3057 1043 3129 conuocatis,
1076 3075 1111 3121 eo
1139 3056 1276 3139 predicto

70 3162 250 3249 Grcporto.
279 3164 328 3225 uel
343 3183 400 3227 suo
416 3171 614 3247 procuratore
630 3165 782 3245 legitimo.
810 3166 882 3229 item
899 3163 1068 3231 bominibus
1086 3164 1182 3245 regiis
1199 3164 1275 3229 inire

70 3270 271 3335 declarandis
295 3275 328 3335 et
342 3273 530 3336 testimoniis
551 3273 625 3339 dicti
648 3275 795 3361 Capitoli
808 3274 1006 3343 daaliensis.
1036 3292 1094 3356 que
1116 3272 1274 3354 peridem

70 3378 246 3461 Capitulum
262 3378 300 3443 ed
316 3379 349 3441 id
365 3378 433 3443 lieri
450 3382 576 3445 alierum
592 3380 759 3446 litterarum
776 3388 944 3447 nostrerum
962 3378 1160 3445 amicabiliter
1176 3386 1277 3445 trans·

70 3486 153 3550 mitti
171 3487 392 3568 postularemus
416 3490 447 3551 in
472 3489 665 3571 presentibus
689 3489 881 3563 accedendo,
911 3489 1037 3553 condem
1061 3496 1179 3571 eperte
1197 3487 1278 3553 dicte

70 3594 280 3679 possessionis
302 3595 424 3661 Welr'ud
438 3617 494 3680 per
511 3604 607 3661 metes
630 3603 661 3662 et
683 3618 793 3663 cursus
817 3597 961 3671 metelos,
985 3597 1103 3679 pridem
1127 3615 1182 3679 per
1203 3614 1277 3678 pro-

71 3708 248 3765 curatorem
269 3723 356 3767 suurn
380 3710 519 3769 ostensas
548 3710 580 3768 et
600 3706 839 3777 demonstratas.
869 3707 897 3771 in
916 3703 1186 3789 superioribusque
1203 3722 1277 3767 con·

69 3812 207 3893 scriptas
224 3809 444 3885 resalutaret,
471 3815 613 3899 lectaque
634 3815 700 3897 ipse
718 3814 962 3879 reambulacione
979 3814 1009 3875 in
1026 3812 1157 3875 ecclesie
1175 3810 1275 3875 suein

70 3919 181 3983 eedem
205 3921 403 4001 possessione
422 3921 583 4005 Tunsalue
602 3927 786 3993 constructe.
810 3922 874 3985 sole
896 3943 950 3987 sue
973 3922 1003 3983 in
1028 3940 1160 4005 persone
1179 3938 1277 4004 coque

70 4028 142 4111 ipse
165 4028 271 4091 becole
294 4033 326 4091 et
346 4028 455 4091 annulo
477 4030 622 4114 pastorali
646 4029 824 4114 prefulgens
852 4028 1042 4110 dignoscitur
1069 4027 1190 4093 indutus
1212 4028 1275 4093 suis

70 4133 211 4199 uestibus
240 4135 481 4201 sacerdotalibus
512 4138 715 4223 comparendo
750 4145 783 4203 et
813 4136 952 4201 baculum
979 4157 1066 4201 suum
1093 4136 1275 4220 pastoralem

70 4260 162 4307 mauu
180 4262 235 4305 sua
261 4241 385 4307 dextere
410 4244 541 4310 tenendo
565 4250 596 4310 et
612 4247 651 4309 ed
672 4250 782 4311 statum
799 4266 884 4311 suum
902 4244 1073 4328 regularem
1090 4253 1121 4307 et
1138 4243 1173 4307 ed
1193 4264 1275 4309 suem

71 4349 302 4413 conscienciam
323 4349 372 4423 id,
397 4353 475 4435 quod
502 4353 582 4417 dicte
604 4360 687 4419 terre
705 4354 837 4437 litigiose
862 4356 890 4418 in
913 4360 976 4418 toto
995 4353 1032 4418 ed
1050 4358 1118 4417 octo
1137 4354 1276 4417 mercbes

72 4458 235 4529 estimate,
265 4478 386 4542 semper
413 4459 505 4525 eleb
534 4464 655 4544 antiquo
683 4462 720 4525 ad
746 4463 915 4544 predictam
945 4463 1168 4544 possessionem
1192 4480 1277 4524 suern

76 4566 262 4649 Tunasaluc
279 4568 436 4649 pertinens
453 4570 545 4633 luerit
561 4576 590 4634 et
607 4572 735 4635 attinere
751 4570 872 4641 debeat,
889 4589 1100 4654 nunquamque
1117 4568 1221 4633 eedem
1239 4567 1276 4633 ad
