3059 5067
1182 365 1266 440 <209

57 529 143 596 buno
154 527 274 594 modum
288 525 376 592 nobis
388 527 485 592 maior
498 525 660 593 difficultas
676 531 855 602 emerserat,
868 548 924 594 nee
938 547 1057 593 eausam
1067 528 1148 594 itiam
1162 530 1265 596 debito

55 639 122 702 tine
138 637 344 703 determinare
359 637 525 722 potuimus,
548 639 648 722 ipsam
664 637 785 702 dominu
814 641 917 703 nostro
938 637 1041 704 Vtrieo
1064 637 1102 703 de
1121 641 1267 727 Wotffurt

55 746 173 812 comiti
190 745 397 820 Messeniani,
418 744 641 834 Suprnniensi,
661 746 879 831 Contrifmei,
897 766 954 810 nee
972 767 1030 810 non
1048 747 1218 812 castellano
1234 750 1264 813 in

58 855 164 922 Owen
183 837 321 919 duximus
343 853 374 918 in
395 852 521 936 seriptis
538 851 778 926 notificandum.
807 851 920 938 quique
945 873 1010 918 eam
1033 855 1069 919 ad
1094 853 1264 938 predictum

54 964 217 1029 dominum
243 967 379 1029 nostrum
395 961 510 1044 Regem
534 962 716 1028 bodwieum
737 962 898 1034 deterens,
931 961 1112 1049 Superque
1135 963 1265 1050 denique

56 1093 157 1139 eausa
180 1071 260 1137 idem
284 1070 422 1136 dominus
437 1071 501 1135 Rex
516 1091 573 1136 rna
590 1089 657 1136 eum
673 1072 742 1156 ipso
763 1071 881 1144 Vtrieo,
909 1073 972 1136 suis
1000 1090 1122 1160 quoque
1139 1072 1265 1138 eonsili-

54 1182 137 1246 ariis
154 1187 187 1246 et
200 1180 308 1245 aulieis
324 1179 403 1246 bane
418 1181 597 1246 sententiam
615 1179 835 1256 decreuerunt,
860 1180 957 1266 quod,
972 1181 998 1244 si
1013 1179 1157 1246 videlieet
1172 1201 1265 1267 sepe·

55 1292 177 1358 dietum
189 1290 405 1356 blonasterium
417 1290 447 1354 in
461 1290 608 1375 predictis
625 1291 715 1354 metis
730 1291 809 1354 intra
822 1289 1030 1374 Quadraginta
1047 1311 1140 1354 annos
1157 1290 1266 1356 ordine

52 1400 222 1468 iudieisrio
239 1420 298 1465 uon
313 1403 398 1466 esset
412 1398 589 1487 impeditum
606 1406 638 1466 et
653 1420 707 1466 ess
722 1398 852 1483 panitiae
867 1400 1032 1474 tenuisset,
1049 1400 1144 1487 quod.
1161 1401 1189 1465 si
1205 1400 1264 1465 bne

54 1510 266 1597 prouiueiaies
282 1513 314 1572 et
328 1508 430 1580 vieini,
447 1507 558 1592 quibus
569 1509 703 1594 expedit,
719 1509 898 1584 faterentur,
917 1512 989 1574 tune
1003 1509 1063 1593 ipsi
1078 1509 1264 1576 Monosterio

52 1627 175 1688 mdo
192 1620 302 1688 Orno&
317 1618 403 1702 prius
419 1618 500 1684 dieto
516 1624 615 1684 metes
630 1624 811 1682 memoratas
827 1616 972 1682 inuenere
988 1616 1187 1693 deberemus.
1216 1619 1264 1684 sin

31 1727 164 1796 ‘autem
178 1728 348 1811 impetitum
364 1736 459 1798 esset,
476 1731 510 1791 ut
523 1726 697 1810 prefertur,
724 1731 797 1792 tuno
813 1726 851 1791 ad
868 1731 1000 1793 nostram
1016 1727 1264 1792 informacionem

53 1839 151 1921 regio
178 1835 293 1901 indioio
316 1840 401 1901 esset
428 1834 524 1900 omnis
545 1835 598 1900 illa
619 1854 712 1900 eausa
727 1835 923 1900 reserueuda.
959 1835 998 1900 Et
1020 1835 1106 1900 buius
1123 1837 1169 1900 rei
1184 1837 1264 1902 reri-

52 1952 157 2014 tatem
171 1943 345 2031 inprirendi
360 1947 515 2027 magestas
535 1945 624 2027 regia
641 1942 728 2010 nobis
744 1943 917 2016 reeomisit.
947 1947 978 2008 et
993 1946 1121 2008 termino
1147 1945 1184 2011 ad
1204 1944 1263 2010 boe

54 2059 177 2124 statuto
194 2075 266 2139 pars
290 2053 442 2128 aduersa,
466 2053 610 2118 videlieet
627 2053 783 2141 Georpiue
800 2051 903 2119 Gooeb
927 2055 959 2115 et
977 2052 1177 2126 Valentinus,
1206 2073 1263 2118 neo

53 2185 115 2251 per
131 2183 187 2236 se.
210 2183 269 2228 nee
285 2181 340 2246 per
356 2180 443 2226 suum
464 2162 614 2246 ydoneum
642 2161 811 2247 comparuit
826 2158 1051 2246 responsalem,
1083 2161 1134 2227 rbi
1159 2161 1262 2227 debita

53 2272 266 2359 inquisicione
287 2272 367 2336 taeta
394 2269 432 2335 ab
460 2270 597 2336 omuibus
619 2268 859 2356 prouincialibus
883 2269 990 2338 vieinis
1015 2273 1106 2355 atque
1127 2272 1262 2336 vittarum

51 2381 231 2450 bominibus
247 2380 405 2446 nobiseum
421 2378 619 2444 existentibus
637 2398 742 2444 omnes
757 2379 809 2444 isti
827 2378 865 2444 ed
882 2379 1106 2444 eonseieneiam
1123 2385 1153 2443 et
1172 2378 1262 2444 tidem

50 2495 208 2578 ipsorum,
230 2489 318 2575 qnasi
342 2508 400 2556 rno
426 2508 482 2553 ore
498 2489 654 2562 dixerunt,
672 2487 751 2575 quod
769 2506 826 2552 nee
843 2507 970 2574 unquam
988 2487 1176 2558 audiuerint‚
1205 2509 1263 2553 nee

53 2601 135 2688 ipsis
153 2597 344 2670 eonstiterit.
371 2596 451 2684 quod
476 2617 553 2682 sepe
580 2598 691 2664 dietum
714 2597 932 2662 bionasterium
959 2604 1071 2664 ennete
1095 2597 1207 2664 Cononis
1230 2598 1261 2661 in

53 2709 232 2794 premissis,
247 2712 282 2772 ut
296 2705 476 2790 predicitur,
493 2712 577 2772 esset
592 2707 770 2792 impetitum.
802 2707 847 2770 De
863 2707 1017 2774 Nereidet
1031 2705 1167 2790 potiores
1185 2725 1263 2790 quo-

52 2839 116 2904 pue
142 2816 204 2882 boe
227 2813 376 2880 dixerunt
410 2815 482 2878 item
500 2815 536 2880 ad
555 2813 635 2879 idem
652 2814 689 2879 de
706 2813 776 2880 vitta
798 2815 946 2900 Wopden,
963 2815 1002 2879 de
1016 2816 1196 2901 putendorf,
1222 2815 1261 2880 de

56 2927 177 2998 Geula,
205 2924 244 2989 de
258 2924 447 3008 intendens,
474 2922 514 2988 de
529 2923 708 3009 Zoradorf.
734 2922 772 2988 de
792 2925 887 2996 Gale,
912 2923 950 2988 de
974 2921 1043 2987 villa
1061 2921 1098 2986 ad
1115 2931 1261 2990 sonetum

53 3035 256 3106 ortanum,
284 3038 317 3098 et
342 3032 438 3098 eeteri
460 3051 548 3116 quam
570 3029 674 3115 plures
697 3030 835 3096 hominos
864 3032 924 3096 tide
950 3030 1045 3114 digni.
1077 3029 1140 3096 Nos
1168 3034 1261 3116 igitur

52 3144 197 3210 uolentes
220 3141 366 3206 mendatis
393 3140 487 3224 regiis
517 3138 645 3205 firmiter
671 3139 817 3212 obedire.
846 3145 879 3204 ut
895 3145 1050 3215 tenemur,
1081 3143 1260 3204 memoratas

54 3256 156 3316 metas
172 3249 349 3316 binnasterii
364 3255 473 3316 nonde
490 3249 601 3316 Crucis
616 3269 691 3334 sepe
711 3251 817 3334 sepius
840 3249 915 3314 dieti
937 3248 1101 3314 seeundum
1124 3253 1259 3313 tenorem

54 3360 103 3424 sui
120 3359 280 3442 Priuilegii
303 3357 494 3424 innuauimus
512 3356 709 3443 presentibus
734 3362 766 3421 et
787 3358 942 3422 innuamus
971 3358 1151 3422 authoritate
1176 3357 1261 3440 regia

53 3468 147 3534 nobis
159 3468 292 3553 desuper
303 3465 413 3531 tradita
427 3472 458 3531 et
470 3485 629 3530 concessa.
654 3465 686 3530 ln
700 3466 785 3532 euius
798 3466 844 3530 rei
858 3466 1048 3530 euideneiam
1062 3466 1260 3531 certissimam

56 3583 175 3650 nostra,
193 3576 338 3641 videlieet
352 3577 504 3663 liudolfi,
519 3574 701 3642 Sebedebeb
723 3579 756 3640 et
771 3576 911 3661 Npentui
924 3575 1129 3659 predictorum
1150 3574 1259 3654 Sigitia

55 3683 252 3770 presentibus
278 3690 350 3750 eunt
372 3704 517 3769 appensa.
554 3684 706 3768 Scriptum
731 3704 808 3747 anno
832 3683 941 3748 domini
960 3682 1119 3747 Millesimo
1137 3681 1257 3747 CCCM.

56 3795 338 3880 Quinquagesimo‚
367 3795 503 3879 proxima
527 3794 630 3877 quinta
658 3792 734 3856 seria
761 3797 831 3878 post
858 3790 989 3856 Ootauas
1017 3791 1259 3877 Epypbnniarum

55 3904 188 3970 Domini.

130 4048 251 4121 original
263 4047 312 4103 ani
321 4049 487 4118 Pergamant,
500 4046 596 4102 deenen
608 4044 665 4100 drei
678 4044 768 4117 Siegei
782 4046 878 4102 iobisn.

90 4695 186 4741 Fortes,
199 4693 268 4739 nour
279 4694 306 4738 u.
317 4692 359 4740 bd.
370 4691 427 4739 xvi.
