3059 5067
1180 408 1254 480 123

48 587 135 651 hanc
153 588 297 671 paginam
314 590 417 651 nostre
433 586 666 650 confirmationis
683 587 869 668 intringere,
897 584 991 649 uslei
1008 605 1082 649 ausu
1096 584 1258 649 temerario

48 696 224 759 contraire.
250 694 285 758 Si
309 697 375 781 quis
397 700 496 758 autem
511 694 571 758 boc
587 698 766 778 attemptare
783 693 1009 778 presumpserit,
1026 692 1259 775 indignationem

49 804 278 886 omnipotentis
313 804 364 866 dei
393 807 426 866 et
452 801 607 866 beatorum
631 800 713 865 Petri
741 805 774 865 et
799 800 883 866 Pauli
909 802 1113 885 apostolorum
1136 802 1202 864 eius
1226 820 1261 862 se

49 911 183 975 nouerit
197 912 399 975 incursurum.
425 910 531 1000 Datum
544 910 702 975 Acinione
716 910 778 974 111⁰.
796 908 943 973 Xalendas
959 908 1050 981 dunii,
1067 907 1262 971 Pontificatus

47 1020 154 1083 nostri
172 1038 250 1083 anno
266 1018 459 1083 Duodecimo.

130 1160 253 1231 original
267 1159 315 1216 aui
325 1160 480 1231 Pergamena
494 1158 541 1213 mit
553 1158 691 1213 Bleibulle.

598 1338 722 1418 CXIX.

51 1465 137 1537 1³28,
151 1465 357 1539 lbduvsnber,
368 1464 453 1525 wion.
465 1496 499 1505 -
509 1464 666 1529 martel,
679 1465 915 1540 Erabiaclefvon
922 1464 1073 1535 Soletum,
1087 1463 1262 1520 beurlrandet

52 1572 118 1611 cen
131 1555 189 1611 ders
208 1546 296 1611 therr
310 1556 362 1611 der
375 1554 711 1612 veteomor-morter
722 1556 948 1626 Heilipeultreus,
962 1554 1088 1618 mmet
1102 1554 1258 1625 biliccfetd

49 1646 121 1701 nard
148 1647 413 1717 Romanensem
431 1646 510 1702 serbe
532 1644 593 1701 ared
620 1646 729 1717 mersis
752 1646 839 1703 Marlr
863 1647 961 1702 Silbcr
987 1645 1033 1701 als
1058 1645 1180 1715 Bea'trcp
1203 1661 1261 1700 saer

170 1735 294 1807 litoreae
307 1736 360 1791 der
371 1734 517 1793 &balden
526 1735 618 1792 seinse
630 1735 825 1793 Erebiatbums
836 1735 1008 1811 empfcupea
1018 1753 1055 1791 sa
1068 1735 1167 1792 buben.

148 1864 214 1930 Nos
230 1866 416 1931 Fridericau
432 1864 483 1929 dei
499 1864 602 1945 gracia
618 1869 723 1929 sancte
736 1864 979 1953 Salsburqcnsia
994 1862 1134 1929 Ecclesia
1149 1862 1262 1927 drcbi·

51 1975 247 2058 episcopus,
268 1973 434 2057 apostolice
458 1973 540 2037 sedis
556 1973 705 2055 Legatos,
729 1972 909 2037 confitemur
924 1978 956 2037 et
971 1978 1111 2038 comtare
1125 1972 1262 2037 uolumus

49 2082 213 2146 uniuersis
236 2086 396 2165 presentes
418 2081 524 2145 literas
547 2081 747 2163 inspecturis,
777 2082 875 2165 quod,
903 2100 972 2146 cum
997 2080 1134 2146 Ecclesia
1161 2086 1263 2143 nostra

53 2184 217 2273 predicta
232 2190 333 2253 multis
355 2190 437 2254 toret
466 2188 635 2252 debitorum
665 2186 809 2252 oneribus
835 2194 1038 2274 pregrauata,
1065 2186 1266 2254 venerabiles

53 2298 114 2363 riri
132 2342 142 2359 .
173 2341 182 2358 .
203 2299 325 2363 Sancte
339 2297 449 2362 Cruces
472 2340 480 2357 .
508 2341 517 2358 .
536 2296 654 2360 Zacctel
675 2338 683 2357 .
714 2340 722 2355 .
742 2297 1009 2386 Gcmpila'licmm,
1026 2302 1058 2361 et
1080 2341 1089 2357 .
1118 2342 1126 2359 .
1144 2298 1263 2362 Poem-

48 2412 269 2494 parmper-p,
286 2406 536 2469 lionasteriorum
551 2401 694 2477 Abbates,
712 2402 928 2470 Cistereiensis
945 2405 1058 2471 ordinis
1075 2404 1263 2469 Patauiensis

53 2514 212 2585 diocesis,
238 2513 467 2578 considerantes
495 2510 660 2581 beneficia,
684 2532 742 2597 que
771 2514 916 2578 hactenus
938 2533 955 2577 a
976 2514 1065 2578 nobis
1087 2515 1262 2599 nostrisque

52 2621 336 2706 predecessoribus
352 2624 548 2705 receperunt,
570 2640 624 2706 pro
641 2620 730 2685 dictis
747 2620 859 2687 debitis
874 2620 1047 2686 releuandis
1064 2621 1263 2707 quadraginta

50 2752 110 2795 sex
128 2730 249 2795 blareas
267 2730 395 2811 argenti,
414 2730 597 2794 wiennensis
614 2728 770 2813 ponderis,
789 2729 874 2793 nobis
890 2729 986 2794 odere
1003 2735 1035 2794 et
1049 2729 1163 2796 donare
1179 2730 1259 2795 libe·

52 2837 171 2901 raliter
186 2842 368 2901 curauerunt
385 2843 416 2901 et
427 2836 481 2899 bas
498 2838 586 2899 etiam
603 2842 760 2919 gratanter
776 2839 946 2921 recepimus
959 2834 995 2901 ab
1012 2838 1138 2901 eisdem.
1164 2838 1259 2904 Porro

50 2967 95 3009 ne
118 2944 291 3010 huiusmodi
312 2944 477 3010 liberalitas
499 2945 574 3030 ipsis
592 2944 741 3009 redundet
762 2946 792 3009 iu
810 2944 980 3029 dampnum,
1008 2952 1040 3009 et
1055 2947 1148 3011 tutori
1165 2948 1260 3030 pariat

48 3055 210 3119 materiam
223 3055 407 3125 nocumenti,
421 3052 600 3117 confitemur
612 3059 642 3116 et
658 3056 917 3137 recognoscimus,
935 3054 1014 3137 quod
1031 3074 1086 3118 nos
1102 3056 1260 3139 nostrique

49 3182 255 3227 successores
270 3162 590 3246 erprcdictepeeunie
601 3162 766 3235 oblacione,
777 3162 1062 3227 sendonacioneius
1072 3164 1120 3226 uel
1130 3165 1259 3247 signum,

51 3292 110 3336 seu
123 3271 267 3337 iudicium
279 3272 354 3336 iuris
367 3270 507 3355 erigendi
519 3270 556 3334 ab
569 3270 727 3335 abbatibus
735 3276 765 3335 et
773 3272 966 3337 blonasteriis
979 3272 1171 3355 supradictis,
1185 3292 1261 3336 cen·

51 3400 122 3445 snm
135 3400 190 3443 seu
203 3384 339 3464 quamuis
355 3380 442 3444 allam
456 3379 687 3463 prestas-ionem,
701 3380 821 3443 minime
832 3401 991 3465 possumus
1003 3381 1033 3443 in
1046 3381 1177 3444 tutorum
1191 3387 1254 3444 tra-

51 3487 132 3551 bere
147 3488 197 3552 uel
213 3487 338 3552 babere.
362 3488 393 3553 ln
414 3489 498 3553 euius
514 3489 558 3551 rei
575 3489 778 3553 testimonium
797 3494 956 3572 presentes
974 3488 1178 3552 mandauimus
1190 3487 1260 3552 beri

52 3598 171 3669 literas,
184 3595 277 3679 sigilli
290 3599 384 3661 nostri
396 3598 581 3681 appensione
594 3598 733 3661 munitas.
758 3598 868 3662 Datum
881 3599 1020 3663 Wenne.
1033 3596 1094 3660 XV.
1108 3597 1261 3661 Kalendas

52 3704 247 3776 Decembris,
264 3724 341 3769 anno
357 3705 469 3769 domini
486 3704 647 3771 Millesimo
663 3706 906 3778 Trecentesimo,
922 3705 1066 3769 vicesimo
1083 3710 1201 3769 octauo.

128 3844 247 3916 original
261 3846 309 3902 aui
319 3848 476 3917 Pergameni
488 3846 534 3903 mit
548 3848 648 3918 Siegel.
738 3874 740 3878 ·

599 4028 707 4108 CXX.

52 4167 131 4239 1³28,
144 4168 188 4226 25.
201 4168 359 4243 butember,
371 4168 457 4229 wien.
480 4202 513 4211 —-
526 4170 672 4235 Albreebt,
686 4172 800 4241 Heraop
816 4187 871 4225 uon
888 4158 1048 4228 deremet
1064 4177 1123 4237 etc,
1136 4170 1259 4228 verlcibt

53 4262 106 4316 mu
123 4261 322 4331 Zalimmaap
342 4262 438 4317 seim
455 4262 586 4326 Brstder,
607 4264 657 4318 dee
677 4262 787 4332 Kenios
808 4262 956 4317 miserico
981 4262 1041 4319 ared
1062 4263 1112 4319 dea
1130 4264 1264 4335 Hmops

349 4354 413 4408 Otto
427 4350 479 4407 der
489 4353 570 4411 Abtee'
581 4353 803 4423 Hcilipenlrrcaa
817 4352 873 4408 dere
885 4352 964 4409 ΒΜ.

145 4480 178 4543 ln
203 4481 324 4545 nomine
351 4481 461 4545 domini
482 4500 578 4545 amen.
620 4482 769 4547 ailbertus
796 4481 846 4545 det
868 4483 972 4564 gracia
988 4480 1054 4546 Dux
1075 4484 1203 4550 nostrie
1227 4494 1260 4552 et

52 4588 163 4674 Styric
179 4587 316 4653 omnibus
333 4590 565 4674 imperpetuum.
596 4590 673 4673 Quia
692 4636 926 4656 ......
946 4592 1078 4675 fastigio,
1100 4613 1158 4679 quo
1176 4594 1256 4659 dono
