3059 5067
273 330 323 405 ὅθ

273 510 401 582 adiecto,
418 508 497 593 quod
515 527 621 573 omues
637 526 745 571 causas
762 507 934 578 interiores,
951 506 1062 569 factum
1079 507 1184 569 mortis
1201 527 1261 571 non
1277 509 1479 589 configentes

271 620 328 702 ipsi
346 618 455 681 iratres
473 636 529 700 per
553 636 587 679 se
611 616 662 680 nel
678 635 734 698 per
762 614 910 679 officiales
932 632 1004 677 suos
1020 616 1138 697 possint
1161 614 1307 679 indicare.
1349 618 1408 681 Ao
1419 618 1480 681 dee

272 728 370 811 ipsum
387 725 602 789 Monasterium
631 730 661 787 et
683 723 793 787 iratres
818 724 848 786 in
866 721 973 787 eodem
990 722 1162 787 residentes
1177 725 1327 809 peculiari
1343 724 1478 810 quadarn

272 835 420 899 libertatis
433 834 626 919 prerogatiua
641 833 788 898 decorare
800 834 949 904 volentes,
966 853 1004 896 ne
1016 852 1073 916 per
1088 831 1258 917 quempiam
1270 836 1362 915 regni
1380 836 1477 897 nostri

272 942 402 1009 incolam
431 944 626 1027 cuiscumque
653 941 811 1024 dignitatis
835 950 885 1005 aut
906 945 1004 1005 status
1020 942 1144 1013 existat,
1172 942 1203 1005 in
1219 941 1283 1005 suis
1300 942 1432 1007 duribus
1449 949 1478 1007 et

273 1050 465 1116 libertatibus
482 1050 691 1115 disturbentur
714 1049 814 1134 ipsos.
836 1050 1054 1135 rniuersasque
1069 1050 1283 1135 possessiones
1298 1051 1478 1115 eorumdem

274 1182 330 1246 per
342 1160 440 1241 Regni
450 1161 547 1223 nostri
561 1158 679 1223 climata
696 1158 860 1222 existentes
872 1158 903 1220 in
915 1156 1109 1223 aduocaciam
1126 1164 1158 1222 et
1173 1158 1390 1223 defensionem
1407 1180 1478 1223 nos·

272 1276 348 1334 tram
364 1268 528 1351 recipimus
546 1265 726 1351 specialem
745 1264 891 1331 Omnibus
908 1271 939 1329 et
954 1266 1084 1349 singuiis
1101 1272 1159 1331 tam
1175 1267 1377 1351 presentibus
1391 1288 1477 1353 qnam

273 1377 381 1443 suturis
405 1374 490 1457 regio
513 1374 614 1439 edicto
642 1371 771 1437 firmiter
799 1375 1013 1457 iniungentes.
1048 1396 1086 1439 ne
1113 1376 1210 1439 ceteri
1236 1376 1276 1440 ad
1299 1376 1477 1441 huiusmodi

274 1486 469 1550 aduoeaciam
493 1488 632 1568 pretextu
654 1502 709 1547 seu
732 1482 818 1547 titulo
841 1482 967 1547 alicuius
990 1482 1169 1548 hereditatis
1185 1504 1241 1568 per
1256 1488 1476 1567 progenitores

276 1592 450 1657 eorumdem
478 1592 559 1657 dicto
575 1590 758 1655 Monasterio
787 1590 898 1655 donate
925 1612 960 1655 se
976 1591 1178 1655 intromittere
1194 1598 1394 1675 presumant,
1423 1594 1476 1657 sed

276 1701 365 1766 iidem
376 1700 479 1765 dbbas
496 1705 527 1764 et
543 1700 654 1764 iratres
670 1700 847 1763 aduocatum
864 1718 919 1763 scu
932 1700 1123 1764 defensorem
1141 1701 1208 1763 rice
1220 1719 1359 1783 persone
1375 1709 1478 1764 nostre

275 1810 451 1881 maiestatis,
468 1828 556 1894 quem
570 1807 732 1884 noluerint,
748 1806 863 1889 eligant
874 1814 906 1872 et
920 1808 980 1879 illo.
993 1808 1020 1871 si
1032 1806 1133 1892 placet
1143 1808 1304 1892 repudiato
1315 1814 1351 1871 et
1362 1810 1476 1873 reiecto

274 1919 522 2004 quandocumque
545 1920 575 1980 et
598 1916 873 2001 quocienscumque
889 1916 933 1979 eis
951 1914 1104 1979 uidebitur
1120 1916 1282 2000 expedire,
1312 1916 1409 1981 aliurn
1430 1916 1477 1979 uel

275 2028 350 2091 alios
363 2027 394 2089 in
405 2026 501 2111 ipsam
514 2022 708 2089 aduoeaciam
724 2022 838 2105 eligant
854 2029 884 2088 et
900 2006 1062 2094 assumant,
1078 2024 1131 2109 qui
1147 2024 1230 2108 ipsos
1244 2026 1477 2108 possessiones-

273 2155 332 2220 que
348 2154 451 2199 eorum
472 2134 630 2199 rniuersas
647 2131 825 2215 indempnes
842 2137 874 2196 et
890 2131 992 2195 illesas
1010 2152 1086 2217 pure
1102 2136 1134 2195 et
1146 2131 1327 2214 simpliciter
1346 2139 1475 2217 propter

274 2244 362 2308 deum
387 2248 418 2307 et
440 2263 498 2307 uon
521 2241 644 2305 racione
668 2236 795 2303 alieuius
821 2239 901 2303 dacii
917 2240 966 2303 uel
983 2240 1113 2323 pecunie
1130 2240 1167 2305 ab
1184 2240 1228 2303 eis
1245 2260 1372 2326 quoquo
1389 2242 1475 2305 modo

275 2350 450 2434 recipiendc
468 2356 499 2413 et
516 2348 653 2412 habende
670 2346 850 2411 auctoritate
866 2348 949 2431 regia
972 2353 1110 2414 teneatur
1133 2368 1327 2413 conseruare.
1374 2350 1410 2413 Si
1428 2349 1476 2435 qui

275 2480 347 2524 uero
378 2455 548 2522 huiusmodi
577 2460 709 2519 nostram
732 2454 884 2520 salubrem
910 2455 1132 2522 ordinacionem
1160 2461 1192 2521 et
1217 2459 1354 2538 graciam
1387 2459 1477 2522 dietis

274 2565 416 2632 tratribus
438 2566 545 2630 iactam
563 2582 712 2647 processu
728 2564 876 2648 temporis
900 2563 1015 2629 uiolare
1037 2565 1273 2650 presumpserit,
1298 2566 1350 2629 uel
1377 2565 1475 2631 eidem

275 2674 480 2762 quoquomodo
506 2693 580 2737 ausu
596 2673 759 2737 temerario
782 2672 935 2736 contraire
963 2674 1207 2757 attemptarent,
1237 2672 1360 2738 risione
1391 2676 1476 2757 regie

275 2784 409 2848 vindicte
425 2784 456 2846 in
472 2780 564 2846 rebus
582 2787 614 2845 et
628 2801 757 2866 persona
778 2782 928 2865 punietur.
958 2782 990 2845 ln
1007 2783 1092 2847 cuius
1108 2785 1153 2847 rei
1171 2784 1343 2847 memoriam
1360 2804 1477 2869 perpe·

278 2902 418 2977 tuamque
446 2890 617 2955 firmitatem
645 2894 805 2973 presentes
835 2890 1042 2955 concessimus
1070 2891 1190 2959 litteras
1218 2890 1349 2975 duplicis
1381 2893 1476 2977 sigilli

279 3004 374 3064 nostri
391 3000 552 3063 munimine
568 2998 735 3063 roboratas.
761 2997 868 3061 Datum
881 3016 937 3081 per
948 3018 1052 3065 manus
1066 2999 1257 3064 Honorabilis
1270 3000 1325 3062 viri
1337 3002 1477 3083 magistri

276 3110 435 3175 Jobonm's
463 3107 600 3173 albensis
634 3104 768 3171 ecclesie
795 3106 941 3190 prepositi
971 3112 1001 3169 et
1032 3107 1246 3190 archydiaconi
1268 3110 1476 3185 ammessia,

278 3216 380 3281 dilecti
397 3224 428 3279 et
446 3214 543 3279 tidelis
561 3218 656 3278 nostri
674 3213 741 3279 aule
758 3220 863 3279 nostre
879 3214 946 3279 rice
963 3212 1137 3279 cancellarii
1153 3214 1256 3279 xrlnr.
1274 3216 1346 3279 ldus
1362 3217 1443 3302 (sie.
1460 3219 1475 3279 i

278 3324 363 3410 lial.)
380 3323 521 3389 Octobris
545 3343 620 3387 anno
644 3321 755 3387 domini
772 3322 930 3387 Millesimo
947 3322 1175 3387 Trecentesimo
1192 3322 1317 3388 Decimo
1335 3327 1476 3408 septimo.

278 3431 375 3514 Regni
392 3437 491 3495 autem
508 3433 603 3496 nostri
622 3449 697 3495 anno
715 3432 852 3495 similiter
870 3432 1145 3515 decimoseptimo.

352 3572 471 3644 Originrl
485 3573 532 3629 sul
542 3572 701 3643 Pergameni
711 3572 759 3629 mit
771 3577 853 3629 etwas
865 3572 1066 3645 bescbldigtern
1079 3574 1178 3647 Sicgel.

836 3756 925 3835 LVl.

280 3898 347 3971 lull,
361 3900 406 3958 tt.
421 3898 590 3972 september,
604 3910 654 3957 ror
666 3896 793 3957 Konorn.
807 3930 843 3939 —
856 3898 944 3962 Karl,
965 3901 1060 3971 Koasp
1072 3918 1127 3956 coa
1143 3900 1270 3971 vanans
1284 3900 1417 3971 terrorest
1429 3902 1479 3957 der

281 3992 360 4048 Alter·
380 3991 597 4061 Heiliyeulcreus
619 3990 675 4047 den
693 3989 791 4047 untes
807 3990 967 4047 cerumar
995 3990 1173 4066 Vopclrrdorf
1191 3992 1250 4049 end
1267 3992 1432 4064 Potesdorf
1448 3995 1475 4047 is

818 4081 942 4151 Urucam.

374 4207 437 4273 Nos
453 4210 591 4275 naraon
608 4209 657 4275 dei
673 4210 776 4294 gracia
794 4210 855 4273 Rex
871 4211 1037 4299 Hnnqcric
1060 4209 1266 4291 significamus
1281 4214 1395 4276 tenore
1407 4232 1475 4296 pre·

281 4317 415 4383 sencium
432 4317 542 4401 quibus
560 4318 682 4401 expedit
699 4318 855 4391 uniuersis,
872 4320 952 4403 quod
969 4320 1024 4383 riri
1036 4318 1192 4401 Religiosi,
1208 4320 1475 4386 irater-Iolcum

284 4425 377 4489 abbas
401 4431 431 4489 et
455 4426 574 4509 quidam
596 4427 706 4489 iratres
730 4426 904 4491 lllonasterii
931 4434 1042 4493 sancte
1060 4428 1180 4498 Graccis,
1202 4427 1327 4491 Ordinis
1354 4428 1476 4514 cyster-

285 4533 396 4598 ciensis
420 4533 458 4598 de
480 4534 612 4601 dustria
635 4535 819 4618 patauiensis
844 4534 985 4619 dyocesis
1012 4534 1116 4599 dilecti
1139 4535 1225 4599 nobis
1252 4541 1283 4600 et
1309 4535 1418 4601 fideles
1443 4538 1476 4601 ad
