3059 5067
628 600 703 679 XII.

57 742 134 814 libb,
158 744 204 801 24.
218 744 296 815 toni,
316 742 403 802 lllen.
424 775 461 785 -
482 742 613 805 Kourod,
636 739 810 813 Erebisclrof
825 740 1046 811 consolatura
1061 740 1192 811 beatetipt
1211 740 1265 795 der

61 833 147 890 aare
166 834 385 905 Heilipeamaz
406 834 453 889 die
475 834 608 890 inaerirte
628 832 766 888 Urlrunde
791 829 840 885 des
857 831 1041 903 Erebiocbofa
1064 830 1214 886 Eberhard
1226 830 1263 885 11.

248 926 280 981 in
292 923 407 997 Belo-eff
416 926 466 981 alea
478 925 668 995 Saleianum
679 942 734 981 oon
747 923 801 979 der
813 922 917 978 Saliae
928 922 1088 978 Meliboei.

155 1036 219 1101 Nos
237 1038 425 1104 Cbaarados
443 1036 493 1100 dei
508 1038 613 1121 gracia
630 1042 735 1101 sancte
750 1036 994 1123 Salabarpeuoia
1011 1034 1144 1099 ecclesie
1160 1035 1263 1099 arelai-

62 1146 231 1229 episcopus
248 1146 414 1230 apostolice
430 1145 512 1209 sedis
529 1146 649 1229 legatus
662 1143 855 1229 presentibus
872 1143 1057 1228 profitemur,
1074 1163 1130 1208 nos
1145 1142 1264 1208 litteras

60 1252 178 1317 domiui
194 1253 378 1319 Eberhardi
396 1254 446 1338 pie
462 1255 609 1317 memorie
640 1254 847 1318 antecessoris
870 1252 966 1315 nostri
996 1251 1144 1336 quondam
1160 1251 1263 1315 archi·

64 1360 208 1445 episcopi
224 1360 356 1425 ecclesie
372 1365 476 1424 nostre
491 1360 606 1425 vidisse
623 1382 679 1443 per
696 1362 794 1424 omnia
809 1360 839 1423 in
855 1359 914 1423 bec
926 1358 1035 1423 rerba:

157 1466 366 1533 Eberhardas
382 1467 431 1531 dei
445 1468 548 1550 gracia
565 1472 669 1531 sancte
684 1466 927 1554 Salrbarpcneia
954 1466 1088 1531 ecclesie
1110 1465 1265 1549 archiepi-

66 1594 182 1659 scopus
207 1574 374 1658 apostolioe
398 1576 481 1639 sedis
504 1576 622 1656 legatus
638 1577 900 1663 Holliapeaaibaa
914 1575 1048 1657 graciam
1065 1593 1158 1639 suam.
1200 1574 1265 1637 No-

64 1682 184 1755 ueritis,
207 1701 263 1746 nos
280 1682 410 1746 donasse
426 1680 593 1746 Conuentui
608 1690 720 1749 suamc
738 1684 848 1750 Gracia
868 1686 898 1746 in
921 1682 1047 1748 austria
1068 1682 1125 1746 tria
1140 1681 1263 1745 talleota

64 1788 138 1853 nudi
164 1790 236 1854 salis
260 1811 276 1856 a
299 1790 444 1855 malboeb
461 1790 546 1853 annis
563 1790 691 1873 singulis
707 1790 928 1876 persoluenda,
958 1809 1045 1873 quam
1069 1790 1264 1854 donacionem

64 1901 268 1962 instrumento
290 1904 321 1961 et
344 1898 439 1981 sigilli
463 1901 558 1963 nostri
583 1898 664 1962 iideli
688 1900 862 1962 testimonio
879 1897 1014 1964 duximus
1031 1896 1264 1962 confirmandam

63 2004 180 2078 eidem,
197 2025 291 2089 super
305 2026 363 2091 quo
374 2006 463 2070 uobis
480 2006 664 2082 mandamus,
680 2010 713 2070 ut
729 2007 768 2071 de
784 2005 836 2071 illo
853 2006 915 2069 sale
932 2006 1097 2069 secondum
1108 2004 1266 2089 prescrip-

64 2120 129 2177 tum
159 2134 315 2178 numerum
343 2115 463 2179 nuntios
490 2113 624 2178 eiusdem
653 2121 819 2179 conuentus
847 2113 994 2178 studeatis
1022 2114 1107 2176 annis
1137 2112 1265 2195 singolis

66 2222 234 2305 expedire,
262 2242 450 2309 quocumque
467 2224 536 2286 anni
552 2227 688 2304 tempure
705 2221 842 2286 duxerint
857 2220 1079 2305 postulandum,
1096 2225 1128 2284 et
1143 2218 1198 2283 bas
1214 2218 1265 2282 lit-

65 2335 168 2401 teras,
191 2350 228 2395 ex
251 2349 310 2413 quo
327 2330 413 2395 uobis
429 2335 604 2416 presentata
619 2330 746 2406 suerint,
770 2329 905 2394 reddatis
928 2328 1055 2393 eisdem.
1072 2327 1164 2391 —ln
1181 2326 1266 2391 cuius

66 2438 196 2503 visionis
229 2438 432 2503 testimonium
459 2440 626 2503 litterarum
653 2437 858 2523 predictarum
886 2442 1046 2521 presentes
1075 2437 1193 2500 litteras
1221 2436 1266 2497 eis

67 2544 208 2610 dedimus
233 2547 328 2610 nostri
351 2546 442 2628 sigilli
463 2547 573 2611 robore
596 2546 813 2619 communitas,
836 2544 1040 2629 approbantes
1068 2542 1265 2608 donacionem

66 2653 251 2737 predictam,
280 2674 407 2739 eamque
435 2659 543 2719 tenore
569 2655 755 2738 presentium
779 2654 968 2717 innouantes.
1012 2652 1120 2716 Datum
1143 2652 1268 2717 arienne

67 2768 177 2826 octauo
194 2760 344 2825 Kalendas
359 2762 442 2834 iulii,
461 2782 536 2825 anno
553 2762 663 2827 domini
680 2760 840 2827 blillesimo
856 2762 1086 2825 Trecentesimo
1103 2760 1204 2824 tertio.

142 2902 261 2977 original
274 2905 323 2960 ani
333 2905 490 2977 Pergameni
502 2907 548 2963 mit
560 2904 759 2979 beschedigtem
773 2905 871 2977 Siepel.

619 3085 709 3163 Xlll.

69 3225 150 3299 leet,
181 3226 225 3284 25.
250 3226 419 3299 September.
443 3258 477 3267 -
497 3227 615 3282 Bruder
634 3228 796 3291 lebannes,
817 3228 976 3300 Μαρίαν
998 3226 1046 3279 dea
1066 3223 1213 3299 Hospitolr
1236 3224 1267 3279 ira

68 3303 220 3385 dolendorp
236 3316 297 3371 rand
309 3317 426 3373 Ricbter
442 3315 504 3372 und
521 3317 597 3371 llotlr
619 3316 748 3379 deruebat,
762 3316 943 3371 berarlraraden
956 3316 1002 3370 die
1015 3314 1169 3385 Beilrpanp
1190 3314 1268 3369 eines

68 3406 192 3463 saara
209 3406 347 3463 sobmon
362 3408 488 3482 Philipp,
506 3408 597 3465 ciuem
609 3408 724 3476 listrper
735 3425 791 3463 cao
804 3395 955 3476 Odeaberp
968 3406 1028 3463 aad
1040 3406 1130 3463 mm
1144 3404 1268 3461 colman

69 3496 122 3553 dar
134 3498 216 3555 aerae
228 3496 447 3568 Heilipenlrsue
460 3516 498 3555 aa
511 3498 650 3562 caroea,
672 3496 798 3555 Nam
808 3497 964 3561 diederici,
982 3512 1077 3571 mouera
1089 3498 1165 3554 eom
1179 3496 1270 3569 Ποῖα

559 3604 598 3647 au
613 3588 778 3649 &narse

160 3696 224 3763 Nos
245 3698 354 3765 Frater
368 3699 511 3767 Jooaaea
526 3706 710 3785 praeceptor
733 3700 841 3769 domus
859 3698 1020 3784 hospitalis
1041 3698 1080 3766 de
1094 3698 1269 3786 Sapmaio.

44 3886 50 3893 ,
73 3806 246 3889 Wolscerea
265 3804 360 3886 judex
376 3811 407 3869 et
423 3807 506 3873 eires
523 3807 562 3871 de
581 3808 685 3875 cadem
702 3808 866 3875 memoriae
882 3807 1126 3873 commendantes
1149 3803 1270 3886 signiri·

70 3933 175 3981 eamus
191 3913 300 3999 quibus
316 3915 438 3999 expedit
453 3916 615 3990 uniuersis.
640 3916 720 4002 quod
736 3914 810 3980 licet
824 3917 904 3981 inter
916 3914 1102 4001 Pbilippam
1125 3918 1157 3978 et
1175 3912 1268 3979 tilium

70 4022 136 4104 eius
152 4023 331 4091 Huarioum
353 4024 437 4089 eires
453 4029 593 4099 nostros,
609 4044 666 4091 nec
682 4043 739 4089 non
757 4025 944 4092 Balearicum
955 4020 1165 4094 doliorbaclr,
1183 4019 1268 4085 eolo·

69 4150 136 4197 ann
143 4129 336 4195 Venerabilis
343 4128 466 4195 abbatis
473 4131 613 4199 &aare
619 4132 731 4199 Graccis
738 4132 902 4201 secundum
911 4129 1123 4197 continentiam
1134 4129 1267 4211 priorum

70 4235 238 4303 litterarum
254 4242 424 4305 nostrarum
440 4239 574 4323 parcium
593 4239 798 4313 discensione,
823 4260 899 4324 quae
915 4240 995 4303 inter
1009 4239 1093 4321 ipsos
1109 4256 1165 4321 pro
1182 4236 1267 4301 eorm

69 4344 99 4409 in
112 4345 307 4413 &mamb
320 4352 352 4411 et
366 4346 605 4431 quibuscumque
620 4347 688 4413 aliis
704 4347 890 4420 vertebatur,
905 4345 1073 4411 amicabilia
1088 4344 1181 4412 tuerit
1196 4363 1269 4408 oon·

70 4454 171 4519 cordia
186 4453 337 4523 ordinato,
355 4455 413 4519 imo
430 4454 508 4540 quod
526 4455 700 4539 praedictus
712 4456 894 4543 Pbylippuo
912 4455 1003 4520 tiliam
1019 4472 1103 4518 suam
1119 4452 1269 4517 dominam

72 4564 183 4629 Perccl
204 4562 275 4645 piae
296 4562 459 4627 memoriae
480 4564 643 4649 Lcupoldo
665 4562 727 4631 lilio
747 4564 900 4631 Haiara'oi
919 4563 1069 4648 praedicti
1089 4560 1217 4629 dederat
1239 4559 1269 4626 in
