3059 5067
1184 400 1260 470 373

61 564 265 650 incorporare
280 586 316 631 ac
333 574 496 633 annectere
512 575 700 653 procuraret,
718 572 760 635 lta
780 572 860 657 quod
877 572 1005 637 cedente
1030 574 1079 637 uel
1097 574 1268 639 decedente

60 670 200 737 Rectene
216 674 314 758 ipsius
331 675 475 753 ecclesie,
493 678 544 761 qui
560 683 632 742 tunc
648 684 726 752 erat,
743 680 792 743 uel
810 680 971 745 ecclesiam
988 682 1083 764 ipsam
1101 681 1175 745 alias
1194 702 1267 767 quo·

62 779 238 845 modolibet
253 783 424 848 dimittente
438 785 548 850 liceret
564 786 656 851 dictis
670 787 780 853 Abbati
798 795 829 853 et
846 788 1008 863 Conuenti,
1026 790 1151 855 eandem
1169 792 1271 857 eccle-

64 890 145 951 siam
171 889 269 953 libere
293 892 523 977 apprehendere
539 900 571 956 ct
593 893 675 959 licite
691 897 842 969 retinere,
870 903 900 961 et
925 898 1005 981 quud
1030 896 1107 961 bone
1130 898 1274 961 memorie

62 999 220 1065 Aldertus
238 998 405 1084 Episcopus
422 1002 635 1076 Pctcuiensis‚
653 1010 808 1089 postquam
825 1026 918 1089 super
934 1007 1089 1089 premissis
1106 1006 1185 1070 iuxta
1203 1006 1271 1070 dic-

62 1116 167 1173 tarnm
199 1109 367 1174 litterarum
390 1114 500 1175 seriem
525 1113 700 1196 diligentius
718 1115 897 1198 inquisierat
913 1135 1008 1201 eaque
1024 1117 1182 1180 inuenerat
1206 1118 1272 1180 tore

61 1238 152 1291 nem,
170 1218 283 1284 dictam
299 1222 473 1291 ecclesiam,
490 1222 576 1285 cuius
594 1222 798 1305 Quadraginta
815 1224 996 1287 tlorenorum
1013 1225 1077 1287 auri
1095 1242 1160 1288 cum
1178 1225 1272 1288 omni-

59 1327 121 1391 bus
137 1327 258 1391 iuribus
275 1334 306 1393 et
320 1330 513 1414 pertinentiis
536 1331 600 1394 suis
628 1330 728 1395 eidem
746 1330 950 1404 lllunasterio,
978 1334 1063 1395 cuius
1089 1331 1215 1395 Centum
1240 1338 1271 1397 et

61 1435 276 1518 Quadraginta
293 1436 485 1501 Mancharum
501 1441 620 1519 argenti
637 1440 755 1504 tructus
774 1440 910 1505 redditus
927 1446 958 1504 et
974 1450 1140 1524 prouentus
1157 1461 1271 1504 secun·

64 1543 139 1606 dum
166 1564 355 1610 communem
382 1547 623 1611 exstimationem
645 1549 777 1611 ualorem
802 1569 951 1622 annuum,
976 1556 1007 1611 ut
1029 1548 1189 1620 asseritur,
1213 1568 1271 1613 uon

63 1652 238 1726 excedunt,
262 1653 465 1737 predictarum
489 1655 654 1719 litterarum
677 1656 813 1738 uigorem
837 1660 924 1721 etiam
948 1676 1004 1741 per
1030 1656 1126 1739 ipsius
1149 1657 1273 1722 ailberti

69 1759 224 1844 Episcopi
241 1765 319 1825 certi
335 1764 451 1827 tenoris
469 1761 587 1828 litteras
604 1770 752 1849 perpetuo
770 1764 880 1837 unicit,
905 1765 1113 1847 incorporauit
1129 1772 1160 1828 et
1177 1784 1270 1829 anne·

62 1868 142 1937 ruit.
168 1877 325 1933 reseruata
354 1872 576 1936 nicbillominus
606 1894 661 1957 pcr
688 1874 815 1936 eundem
832 1874 994 1939 Albertum
1022 1872 1204 1958 Episcopum
1233 1871 1272 1936 de

61 1977 244 2041 huiusmodi
262 1978 428 2049 fructibus,
456 1979 625 2045 redditibus
643 1986 673 2045 et
691 1981 888 2064 prodentibus
905 2000 1036 2061 congrua
1060 1982 1200 2065 portione
1217 2000 1272 2065 pro

61 2089 220 2169 perpetuo
238 2086 358 2151 vicario
375 2089 404 2150 in
422 2087 502 2151 dicta
521 2088 652 2154 ecclesia
675 2088 876 2160 instituendo,
902 2110 937 2153 cx
955 2109 1012 2175 qua
1035 2090 1115 2153 idern
1133 2088 1272 2153 Vicarius
1373 2153 1379 2162 ,

65 2214 212 2277 congrue
228 2196 400 2266 sustentari,
417 2196 601 2280 episcopalia
623 2201 688 2263 iura
714 2198 832 2261 soluere
855 2204 886 2262 et
909 2196 966 2261 alia
989 2196 1047 2261 sibi
1070 2195 1272 2262 incumbentia

63 2322 166 2366 onera
181 2309 363 2386 supportare
378 2304 504 2377 ualeret,
521 2312 610 2390 pront
627 2308 657 2369 in
674 2307 818 2390 Episcopi
834 2307 1027 2378 Portueosr'e,
1045 2310 1116 2368 tunc
1133 2304 1226 2387 legati
1243 2309 1274 2367 et

63 2411 217 2494 Episcopi
233 2412 438 2477 Patcuicnais
454 2415 662 2497 predictorum
678 2416 788 2479 litteris
805 2415 933 2497 prelatis
951 2420 981 2476 et
997 2412 1172 2477 eorumdem
1186 2413 1274 2495 sigil-

64 2519 111 2584 lis
140 2518 283 2603 sigillatis
311 2520 422 2584 dicitur
449 2521 568 2604 plenius
596 2524 756 2587 contineri.
794 2522 895 2605 Quare
923 2542 979 2606 pro
1007 2526 1094 2606 parte
1123 2522 1269 2585 dictorum

59 2626 196 2693 abbatis
210 2629 419 2693 etConuentus
432 2629 518 2693 nobis
531 2630 963 2715 humiliteriuitsupplicatum
982 2634 1023 2701 ut,
1041 2650 1099 2694 non
1116 2628 1269 2703 obstante,

58 2736 148 2823 qnod
166 2737 270 2800 littere
285 2738 416 2821 predicti
436 2738 576 2823 Episcopi
590 2740 793 2805 Potcuiensia
810 2758 866 2823 per
874 2738 1079 2802 'labellionenr
1090 2738 1271 2823 Subscripte

60 2852 98 2911 et
120 2846 241 2927 signate
257 2866 315 2910 non
332 2847 458 2917 luerint,
482 2868 549 2911 cum
570 2848 651 2911 iuxta
673 2846 919 2912 consuetudinem
945 2848 1043 2931 patrie
1063 2847 1144 2910 illius
1171 2847 1264 2930 priui-

61 2955 153 3035 legia
168 2954 311 3039 Episcopi
328 2956 535 3021 Palantenses
550 2975 605 3040 pro
621 2961 758 3039 tempore
776 2957 932 3019 existentis
951 2975 1005 3039 per
1017 2956 1150 3020 notarios
1167 2953 1268 3039 publi·

62 3081 124 3127 cos
142 3061 296 3127 subscribi
313 3067 342 3126 et
359 3064 484 3145 signari,
501 3068 534 3128 ut
549 3064 711 3136 asseritur,
728 3084 787 3128 non
804 3068 1038 3134 consueuerant,
1060 3062 1159 3125 ciniani
1178 3080 1272 3125 anne·

60 3171 151 3235 xioui
168 3175 199 3233 et
214 3170 449 3255 incorporationi
465 3172 613 3255 predictis
629 3171 723 3237 robur
738 3173 905 3255 apostolice
922 3171 1071 3235 firmitatis
1089 3170 1211 3235 adicere
1229 3171 1267 3235 de

61 3278 197 3363 speciali
220 3278 315 3361 gratia
340 3278 541 3362 dignaremur.
579 3279 642 3342 Nos
668 3281 772 3364 itaque
800 3279 970 3344 huiusmodi
996 3278 1268 3364 supplicationibus

63 3387 209 3451 inclinati
225 3389 407 3451 fraternitati
422 3394 490 3459 tue.
513 3389 552 3452 de
567 3408 625 3472 qua
649 3390 679 3450 in
696 3387 755 3450 biis
773 3393 804 3451 et
821 3389 887 3452 aliis
905 3389 1067 3472 specialem
1096 3390 1127 3451 in
1148 3386 1267 3451 domino

65 3495 213 3559 fiduciam
236 3494 423 3570 obtinemus,
452 3516 507 3580 per
523 3497 689 3581 apostolica
705 3500 821 3580 scripta
839 3497 1018 3559 comittimus
1036 3500 1067 3558 et
1082 3495 1270 3566 mandamus,

67 3602 226 3689 quatinus,
243 3604 270 3667 si
285 3604 340 3667 tibi
357 3606 540 3677 constiterit,
568 3602 647 3690 quod
670 3603 769 3684 sigilla
794 3604 931 3687 predicta
954 3604 1106 3668 autentica
1131 3607 1270 3674 existant,

65 3714 229 3783 unionem,
246 3715 420 3776 anexioncm
448 3719 480 3775 et
501 3712 774 3798 incorporationem
792 3712 942 3795 predictas
970 3731 1006 3775 ex
1034 3718 1117 3775 certa
1143 3712 1271 3775 scientia

67 3820 255 3884 auctoritate
268 3819 430 3903 apostolica
445 3821 565 3886 delecto
584 3841 643 3884 non
662 3820 800 3885 obstante
814 3819 952 3903 predicto
967 3818 1147 3883 confirmare
1160 3838 1272 3902 procu·

65 3948 133 4000 res,
141 3933 298 3991 reseruata
315 3934 414 3994 tamen
430 3930 469 3994 de
485 3928 654 3993 huiusmodi
672 3928 834 3999 fructibus,
853 3927 1021 3993 redditibus
1032 3931 1062 3990 et
1074 3926 1270 4009 prodentibus

68 4036 169 4121 ipsius
186 4036 327 4110 ecclesie,
344 4040 370 4101 si
386 4040 470 4122 prius
488 4040 640 4120 assignata
657 4056 715 4099 non
734 4036 834 4107 tuerit,
857 4056 912 4118 pro
930 4040 1077 4118 perpetuo
1096 4034 1215 4100 Vicario
1240 4034 1271 4097 iu

67 4165 106 4208 ea
124 4144 244 4207 domino
261 4146 412 4210 seruituro
439 4166 573 4228 congrua
599 4146 756 4229 portione,
785 4144 824 4208 de
851 4164 908 4228 qua
936 4162 1071 4224 congrue
1099 4144 1272 4213 sustentari,

67 4253 258 4338 episcopalia
285 4254 350 4318 iura
367 4254 489 4320 soluere
506 4256 605 4319 ualeat
633 4259 664 4317 et
690 4254 746 4317 alia
775 4252 834 4317 sibi
861 4250 1061 4317 incumbentia
1078 4270 1169 4313 onera
1198 4269 1274 4332 sup-

69 4370 208 4446 portare.
232 4362 340 4425 Datum
364 4361 469 4428 Jcauc
491 4364 571 4427 viiic
589 4361 849 4437 kalendarium,
867 4358 1062 4431 Pontificatus
1079 4359 1174 4423 nostri
1191 4360 1273 4423 douo

71 4470 172 4534 Nono.

142 4594 261 4667 original
274 4592 323 4650 aot
330 4595 490 4667 Pergrmsnt
502 4596 549 4651 mit
560 4596 699 4654 Eleibnlle.
