3059 5067
277 403 351 476 tut

272 581 438 647 litterarum
465 581 738 648 testificatoriarum
771 583 845 650 visis
874 586 1033 652 tenoribus
1067 587 1203 673 prelatus
1233 590 1333 654 irater
1361 592 1473 678 Aaou.

272 692 418 773 magister
444 693 597 756 inferioris
621 691 712 755 Curia
735 691 927 758 blonacorum
953 696 1034 761 dicte
1057 697 1190 762 ecclesie
1212 699 1338 764 Sancte
1365 700 1474 765 eroes

273 806 304 863 et
337 800 434 864 irater
453 801 604 866 Detrimu
631 819 732 864 coram
758 801 848 866 nobis
880 805 1085 886 personaliter
1107 813 1323 891 comparentes
1354 827 1393 872 ex
1420 807 1474 871 ad-

273 929 362 972 uerso
390 907 479 972 nobis
501 909 646 993 quasdam
669 908 786 973 litteras
814 911 1018 994 priuilegialos
1051 915 1300 979 excellentissimi
1332 917 1472 1001 principis

273 1016 383 1080 domiui
398 1017 522 1094 literali,
545 1019 595 1083 dei
618 1017 720 1102 gracia
742 1017 892 1101 quondam
910 1021 994 1104 regis
1010 1023 1179 1110 Hesperie
1200 1023 1307 1087 felicis
1332 1025 1471 1088 recorda·

273 1125 369 1190 cionis
391 1147 485 1210 super
505 1127 673 1192 consciens
694 1133 827 1192 terarum
848 1129 1042 1217 Vopcindors
1056 1135 1088 1195 et
1103 1133 1282 1213 Potesdcrf
1303 1139 1472 1198 vocatarum

273 1236 329 1301 sub
345 1237 491 1301 mediocri
507 1237 608 1320 sigillo
619 1235 756 1301 eiusdem
773 1237 883 1300 domini
897 1238 989 1322 Regis
1006 1239 1063 1304 sub
1079 1260 1156 1304 anno
1172 1239 1287 1305 domini
1303 1241 1365 1306 litt.
1378 1239 1471 1306 000⁸.

274 1347 421 1429 vigesimo
438 1347 550 1417 tercio,
572 1346 679 1432 quinto
700 1344 770 1409 ldus
791 1345 969 1412 Decembris
991 1353 1144 1412 emanatas
1160 1354 1191 1411 et
1207 1349 1375 1415 coniectas
1393 1351 1472 1415 nobis

273 1461 501 1540 presentarunt,
523 1475 576 1518 sua
592 1456 675 1518 serie
690 1452 900 1526 declarantes.
924 1456 1003 1539 quod
1020 1457 1115 1541 ipsius
1131 1456 1254 1540 Regalis
1279 1457 1471 1524 sublimitalis

273 1585 416 1650 supreme
427 1563 605 1627 deuoeionis
621 1561 749 1627 allectus
765 1561 801 1626 ad
816 1568 918 1626 eterna
936 1563 1140 1629 exardescens
1158 1585 1276 1650 sueque
1292 1566 1390 1631 saluti
1405 1587 1472 1652 pro-

274 1676 408 1760 spiciens
423 1673 552 1738 omnium
568 1671 714 1736 bonorum
732 1672 943 1758 temporalium
960 1680 991 1737 et
1008 1673 1206 1759 spiritualium
1229 1676 1310 1740 dona
1326 1675 1471 1760 largpdns

273 1805 311 1848 ex
339 1783 440 1847 diutine
467 1781 589 1866 pietatis
618 1779 827 1846 beniuolencia
852 1801 887 1846 se
914 1785 1092 1867 pereepisse
1118 1790 1150 1848 et
1176 1783 1345 1868 percipere
1375 1806 1472 1869 posse,

275 1893 412 1956 aeramine
440 1911 496 1954 sue
524 1889 784 1954 consideracionis
811 1891 1042 1974 contemplando
1072 1890 1244 1955 humillimis
1271 1895 1474 1977 petitionibus

275 2001 410 2083 religiosi
426 2000 482 2063 riri
499 1997 602 2063 iratris
618 1999 786 2072 Jolsunnio,
806 1999 929 2065 Albulis
952 2005 983 2064 et
1004 1999 1198 2085 qarorumdam
1222 2001 1353 2066 fratrum
1370 2004 1473 2069 blena·

275 2111 359 2172 sterii
375 2109 496 2175 Sancte
510 2109 643 2181 Crucis,
671 2108 790 2172 ordinis
806 2105 1029 2193 Cistereyensis
1052 2109 1090 2172 de
1105 2111 1237 2176 ,durbia
1254 2110 1394 2175 diocesis
1409 2115 1473 2178 Ps-

274 2218 469 2304 tiooopenric,
487 2236 608 2282 suorum
625 2216 805 2282 dilectorum
823 2222 854 2280 et
870 2215 1000 2280 fidelium
1019 2217 1187 2286 inclinatus,
1204 2220 1364 2300 predictas
1380 2227 1478 2285 terras

278 2325 512 2415 Vopelodorfet
527 2327 712 2411 Poteadorf,
740 2327 911 2391 assencium
935 2326 1019 2410 lpsas
1042 2345 1097 2390 sue
1112 2325 1206 2409 Regis
1223 2327 1391 2394 collacioui
1408 2351 1477 2415 per·

274 2438 389 2508 tinere,
413 2439 514 2500 anime
535 2457 591 2501 sue
615 2456 670 2520 pro
693 2435 790 2500 salute
813 2434 951 2521 predicte
974 2431 1106 2500 ecclesie
1122 2435 1241 2502 Soracte
1258 2437 1373 2503 Crucis
1388 2459 1406 2500 a
1423 2460 1476 2502 sua

274 2547 360 2628 regia
376 2546 544 2609 clemencia
571 2543 638 2610 dari
660 2550 691 2610 et
717 2549 867 2630 perpetuo
894 2545 1045 2616 conferri.
1076 2543 1227 2609 humiliter
1254 2549 1475 2630 postulassent,

274 2656 403 2739 ipsaque
418 2654 531 2737 regalis
549 2654 720 2736 benignitas
737 2675 773 2718 ex
790 2653 916 2738 speciali
934 2653 1119 2725 deuocione,
1145 2672 1231 2739 quam
1249 2673 1335 2720 more
1351 2665 1477 2721 cetere-

276 2765 472 2845 ruarliegom
489 2764 716 2847 progenitorum
733 2781 853 2828 suorum
870 2763 928 2828 deo
941 2762 1117 2827 deuotorum
1134 2779 1207 2844 erga
1223 2763 1354 2827 eandem
1374 2767 1478 2828 eecle-

274 2875 347 2936 siam
365 2877 506 2953 gereret,
533 2870 655 2936 easdem
684 2875 896 2956 possessiones
913 2891 980 2936 cum
996 2872 1100 2953 agris,
1129 2870 1224 2954 pratis
1246 2875 1279 2934 et
1294 2870 1475 2955 piscaturis,

274 2980 331 3044 sub
346 2982 476 3066 antiquis
492 2982 556 3046 suis
571 2983 660 3045 metis
676 2987 708 3045 et
722 2981 860 3044 terminis
885 3001 920 3045 eo
936 2979 1027 3052 dure,
1049 2997 1107 3064 quo
1125 2997 1179 3043 sue
1194 2979 1290 3062 Regia
1307 2981 1478 3046 Collacioni

272 3092 506 3155 dinoscerentur
520 3089 697 3175 pertinere,
724 3090 823 3153 eidem
840 3089 974 3154 eeclesia
990 3096 1100 3154 sancte
1116 3089 1228 3154 Crucis
1244 3090 1275 3152 in
1291 3098 1475 3174 perpetuam

272 3219 355 3263 suam
367 3198 561 3263 elemosinam
578 3198 724 3274 dedisset,
742 3199 887 3262 donasset
903 3205 935 3262 et
951 3195 1129 3262 contulisset
1144 3195 1349 3262 mediantibus
1366 3206 1475 3284 pateu-

271 3309 351 3372 tibus
367 3309 430 3371 suis
455 3307 565 3371 litteris
586 3314 734 3392 perpetuo
758 3305 976 3390 possidendas,
1006 3305 1152 3370 tenendas
1176 3311 1207 3368 et
1229 3304 1415 3381 habendas,
1446 3315 1476 3372 st

271 3419 390 3482 demum
406 3414 552 3500 predictis
567 3417 632 3479 suis
649 3413 758 3480 litteris
774 3413 1013 3497 priuilegialibus
1030 3413 1207 3498 premissam
1224 3431 1309 3475 suam
1329 3415 1476 3480 donacio-

272 3547 338 3604 nem
355 3532 501 3610 perpetua
517 3523 690 3588 Stabilitate
706 3523 836 3608 pacifice
853 3523 1084 3608 permanendam
1101 3519 1323 3586 confirmasset.
1350 3523 1388 3588 lit
1407 3525 1473 3588 dum

271 3657 335 3707 nos,
369 3636 448 3698 iuxta
469 3635 600 3718 partium
617 3633 816 3698 instrumenta
850 3635 983 3718 equitate
1012 3631 1159 3694 stradente
1187 3627 1341 3695 iudicium
1370 3635 1472 3698 iacere

269 3746 488 3814 voluissemus,
510 3743 589 3804 inter
611 3741 695 3827 ipsas
710 3741 906 3826 plurimorum
925 3740 1087 3826 proborum
1104 3739 1237 3802 virorum
1256 3741 1391 3806 consilio
1409 3741 1472 3826 ipse

270 3860 372 3939 partes
389 3853 522 3923 inducte,
540 3869 575 3913 se
591 3849 628 3912 ad
646 3849 907 3914 reconciliacionis
924 3845 1164 3912 beniuolenciam
1181 3848 1349 3911 transmitti
1367 3855 1469 3932 postu-

269 3963 378 4025 laruot.
409 3960 473 4042 Qus
490 3957 610 4023 tandem
627 3979 643 4020 a
661 3956 748 4021 nobis
764 3957 885 4022 obtenta
905 3955 1087 4021 reformandi
1102 3955 1231 4019 licencia
1249 3954 1352 4020 altero
1370 3959 1421 4022 die
1435 3959 1468 4021 sd

268 4091 323 4133 nos
357 4088 504 4139 reuersa,
538 4065 754 4131 indictionibus
788 4068 952 4149 proborum
980 4067 1111 4129 virorum
1139 4063 1239 4128 taliter
1269 4064 1418 4131 dixerunt
1438 4087 1468 4131 se

268 4177 493 4251 concordasse,
522 4183 553 4240 ei
574 4174 796 4239 concordarunt
824 4193 925 4237 coram
942 4173 1050 4245 nobis,
1079 4173 1157 4258 quod
1186 4174 1254 4255 ipse
1270 4172 1465 4259 Stephanum

268 4288 466 4352 considerans
482 4305 537 4350 sue
553 4285 641 4347 etatis
657 4289 800 4367 tempus,
827 4284 884 4344 iam
902 4281 937 4345 ad
955 4284 1070 4346 senium
1087 4279 1263 4351 diuertisse,
1281 4300 1385 4365 seque
1401 4303 1468 4348 eon·

269 4395 403 4480 spiciens
419 4396 543 4457 fratrum
559 4401 618 4456 tam
635 4391 813 4462 carnalium.
842 4409 928 4474 quam
947 4391 1144 4473 patruelium,
1167 4407 1234 4474 pano
1263 4397 1297 4453 et
1321 4391 1464 4454 heredum

268 4504 424 4587 vta-iusque
452 4501 549 4564 Sexus
577 4499 690 4564 solacio
720 4519 791 4562 esse
820 4498 951 4583 aridique
984 4497 1176 4568 destitutum,
1205 4497 1336 4580 cupiens
1368 4500 1464 4584 itaque

268 4618 388 4675 terrena
404 4611 433 4675 in
450 4609 633 4695 spiritualia,
659 4617 690 4672 et
712 4607 889 4692 temporalia
911 4627 946 4671 ae
962 4607 1135 4670 nansitoria
1164 4605 1194 4669 in
1216 4605 1368 4672 eternalia
1386 4609 1463 4672 felici
