<?xml version="1.0" encoding="UTF-8"?>
<!DOCTYPE html PUBLIC "-//W3C//DTD XHTML 1.0 Transitional//EN"
    "http://www.w3.org/TR/xhtml1/DTD/xhtml1-transitional.dtd">
<html xmlns="http://www.w3.org/1999/xhtml" xml:lang="en" lang="en">
 <head>
  <title>
</title>
<meta http-equiv="Content-Type" content="text/html;charset=utf-8" />
  <meta name='ocr-system' content='tesseract 3.04.00' />
  <meta name='ocr-capabilities' content='ocr_page ocr_carea ocr_par ocr_line ocrx_word'/>
</head>
<body>
  <div class='ocr_page' id='page_1' title='image "./relationenvenet13fiedgoog_0126.png"; bbox 0 0 3059 5067; ppageno 0'>
   <div class='ocr_carea' id='block_1_1' title="bbox 310 352 384 425">
    <p class='ocr_par' dir='ltr' id='par_1_1' title="bbox 310 352 384 425">
     <span class='ocr_line' id='line_1_1' title="bbox 310 352 384 425; baseline 0 -1"><span class='ocrx_word' id='word_1_1' title='bbox 310 352 384 425; x_wconf 83' lang='lat' dir='ltr'><strong>lid</strong></span> 
     </span>
    </p>
   </div>
   <div class='ocr_carea' id='block_1_2' title="bbox 230 520 1524 4072">
    <p class='ocr_par' dir='ltr' id='par_1_2' title="bbox 230 520 1524 4072">
     <span class='ocr_line' id='line_1_2' title="bbox 303 520 1489 595; baseline 0.001 -9"><span class='ocrx_word' id='word_1_2' title='bbox 303 520 413 586; x_wconf 89' lang='lat' dir='ltr'><strong>debilis</strong></span> <span class='ocrx_word' id='word_1_3' title='bbox 428 522 600 595; x_wconf 78' lang='lat' dir='ltr'>existerem,</span> <span class='ocrx_word' id='word_1_4' title='bbox 617 539 706 585; x_wconf 89' lang='lat' dir='ltr'><strong>sanus</strong></span> <span class='ocrx_word' id='word_1_5' title='bbox 722 525 823 588; x_wconf 88' lang='lat' dir='ltr'><strong>tamen</strong></span> <span class='ocrx_word' id='word_1_6' title='bbox 838 528 938 589; x_wconf 89' lang='lat' dir='ltr'><strong>mente</strong></span> <span class='ocrx_word' id='word_1_7' title='bbox 950 528 981 589; x_wconf 88' lang='lat' dir='ltr'><strong>et</strong></span> <span class='ocrx_word' id='word_1_8' title='bbox 996 522 1073 590; x_wconf 88' lang='lat' dir='ltr'><strong>beno</strong></span> <span class='ocrx_word' id='word_1_9' title='bbox 1085 545 1122 589; x_wconf 88' lang='lat' dir='ltr'><strong>ac</strong></span> <span class='ocrx_word' id='word_1_10' title='bbox 1136 524 1364 590; x_wconf 71' lang='lat' dir='ltr'><strong>rationabiliter</strong></span> <span class='ocrx_word' id='word_1_11' title='bbox 1379 524 1418 590; x_wconf 88' lang='lat' dir='ltr'><strong>de</strong></span> <span class='ocrx_word' id='word_1_12' title='bbox 1428 526 1489 587; x_wconf 79' lang='lat' dir='ltr'><strong>nris</strong></span> 
     </span>
     <span class='ocr_line' id='line_1_3' title="bbox 230 629 1489 718; baseline 0.002 -24"><span class='ocrx_word' id='word_1_13' title='bbox 230 644 236 653; x_wconf 88' lang='lat'><strong>·</strong></span> <span class='ocrx_word' id='word_1_14' title='bbox 300 630 388 695; x_wconf 92' lang='lat' dir='ltr'><strong>bonis</strong></span> <span class='ocrx_word' id='word_1_15' title='bbox 405 650 421 695; x_wconf 88' lang='lat' dir='ltr'><strong>a</strong></span> <span class='ocrx_word' id='word_1_16' title='bbox 438 630 503 695; x_wconf 87' lang='lat' dir='ltr'><strong>Deo</strong></span> <span class='ocrx_word' id='word_1_17' title='bbox 516 629 594 695; x_wconf 87' lang='lat' dir='ltr'><strong>datis</strong></span> <span class='ocrx_word' id='word_1_18' title='bbox 613 636 645 696; x_wconf 90' lang='lat' dir='ltr'><strong>et</strong></span> <span class='ocrx_word' id='word_1_19' title='bbox 662 632 820 697; x_wconf 77' lang='lat' dir='ltr'><strong>concessis</strong></span> <span class='ocrx_word' id='word_1_20' title='bbox 836 632 998 717; x_wconf 76' lang='lat' dir='ltr'><strong>disponere</strong></span> <span class='ocrx_word' id='word_1_21' title='bbox 1009 634 1191 718; x_wconf 88' lang='lat' dir='ltr'><strong>potuissem,</strong></span> <span class='ocrx_word' id='word_1_22' title='bbox 1209 634 1298 707; x_wconf 84' lang='lat' dir='ltr'><strong>dedi.</strong></span> <span class='ocrx_word' id='word_1_23' title='bbox 1316 633 1489 699; x_wconf 74' lang='lat' dir='ltr'><strong>ordinarint</strong></span> 
     </span>
     <span class='ocr_line' id='line_1_4' title="bbox 300 737 1488 823; baseline 0.003 -21"><span class='ocrx_word' id='word_1_24' title='bbox 300 737 401 823; x_wconf 78' lang='lat' dir='ltr'><strong>legaui</strong></span> <span class='ocrx_word' id='word_1_25' title='bbox 420 737 604 804; x_wconf 86' lang='lat' dir='ltr'><strong>llonasterio</strong></span> <span class='ocrx_word' id='word_1_26' title='bbox 616 746 730 805; x_wconf 83' lang='lat' dir='ltr'><strong>sancte</strong></span> <span class='ocrx_word' id='word_1_27' title='bbox 745 742 857 808; x_wconf 64' lang='lat' dir='ltr'><strong>&amp;nde</strong></span> <span class='ocrx_word' id='word_1_28' title='bbox 872 742 912 808; x_wconf 91' lang='lat' dir='ltr'><strong>de</strong></span> <span class='ocrx_word' id='word_1_29' title='bbox 926 743 1051 809; x_wconf 72' lang='lat' dir='ltr'><strong>mintrio</strong></span> <span class='ocrx_word' id='word_1_30' title='bbox 1065 748 1097 808; x_wconf 87' lang='lat' dir='ltr'><strong>et</strong></span> <span class='ocrx_word' id='word_1_31' title='bbox 1112 749 1173 808; x_wconf 90' lang='lat' dir='ltr'><strong>toto</strong></span> <span class='ocrx_word' id='word_1_32' title='bbox 1182 744 1357 808; x_wconf 82' lang='lat' dir='ltr'><strong>Conuentui</strong></span> <span class='ocrx_word' id='word_1_33' title='bbox 1366 742 1488 807; x_wconf 74' lang='lat' dir='ltr'><strong>eiusdem</strong></span> 
     </span>
     <span class='ocr_line' id='line_1_5' title="bbox 300 848 1488 936; baseline 0.001 -23"><span class='ocrx_word' id='word_1_34' title='bbox 300 848 475 915; x_wconf 87' lang='lat' dir='ltr'><strong>llonasterii</strong></span> <span class='ocrx_word' id='word_1_35' title='bbox 487 848 526 913; x_wconf 92' lang='lat' dir='ltr'><strong>de</strong></span> <span class='ocrx_word' id='word_1_36' title='bbox 538 848 664 933; x_wconf 78' lang='lat' dir='ltr'><strong>dyocesi</strong></span> <span class='ocrx_word' id='word_1_37' title='bbox 676 849 860 928; x_wconf 88' lang='lat' dir='ltr'><strong>Patauiensi,</strong></span> <span class='ocrx_word' id='word_1_38' title='bbox 873 851 912 917; x_wconf 92' lang='lat' dir='ltr'><strong>de</strong></span> <span class='ocrx_word' id='word_1_39' title='bbox 923 852 1031 918; x_wconf 91' lang='lat' dir='ltr'><strong>ordine</strong></span> <span class='ocrx_word' id='word_1_40' title='bbox 1043 850 1248 936; x_wconf 73' lang='lat' dir='ltr'><strong>cysterciensi</strong></span> <span class='ocrx_word' id='word_1_41' title='bbox 1262 852 1369 917; x_wconf 89' lang='lat' dir='ltr'><strong>libere</strong></span> <span class='ocrx_word' id='word_1_42' title='bbox 1385 857 1488 935; x_wconf 70' lang='lat' dir='ltr'><strong>etprr</strong></span> 
     </span>
     <span class='ocr_line' id='line_1_6' title="bbox 299 957 1488 1047; baseline -0.002 -24"><span class='ocrx_word' id='word_1_43' title='bbox 299 963 391 1042; x_wconf 91' lang='lat' dir='ltr'><strong>petuo</strong></span> <span class='ocrx_word' id='word_1_44' title='bbox 409 958 474 1023; x_wconf 89' lang='lat' dir='ltr'><strong>inre</strong></span> <span class='ocrx_word' id='word_1_45' title='bbox 490 957 690 1043; x_wconf 89' lang='lat' dir='ltr'><strong>possidendas</strong></span> <span class='ocrx_word' id='word_1_46' title='bbox 715 978 797 1025; x_wconf 87' lang='lat' dir='ltr'><strong>mens</strong></span> <span class='ocrx_word' id='word_1_47' title='bbox 818 961 893 1027; x_wconf 88' lang='lat' dir='ltr'><strong>duas</strong></span> <span class='ocrx_word' id='word_1_48' title='bbox 912 962 1015 1027; x_wconf 80' lang='lat' dir='ltr'><strong>cineas</strong></span> <span class='ocrx_word' id='word_1_49' title='bbox 1030 964 1196 1047; x_wconf 85' lang='lat' dir='ltr'><strong>emptitias.</strong></span> <span class='ocrx_word' id='word_1_50' title='bbox 1219 981 1280 1047; x_wconf 86' lang='lat' dir='ltr'><strong>qne</strong></span> <span class='ocrx_word' id='word_1_51' title='bbox 1305 967 1380 1025; x_wconf 86' lang='lat' dir='ltr'><strong>sunt</strong></span> <span class='ocrx_word' id='word_1_52' title='bbox 1395 961 1488 1023; x_wconf 85' lang='lat' dir='ltr'><strong>sitcet</strong></span> 
     </span>
     <span class='ocr_line' id='line_1_7' title="bbox 296 1066 1486 1155; baseline 0.001 -24"><span class='ocrx_word' id='word_1_53' title='bbox 296 1066 396 1131; x_wconf 87' lang='lat' dir='ltr'><strong>locate</strong></span> <span class='ocrx_word' id='word_1_54' title='bbox 412 1066 442 1129; x_wconf 94' lang='lat' dir='ltr'><strong>in</strong></span> <span class='ocrx_word' id='word_1_55' title='bbox 457 1072 562 1133; x_wconf 83' lang='lat' dir='ltr'><strong>monte</strong></span> <span class='ocrx_word' id='word_1_56' title='bbox 577 1067 767 1135; x_wconf 84' lang='lat' dir='ltr'><strong>Posoreicnri</strong></span> <span class='ocrx_word' id='word_1_57' title='bbox 781 1068 941 1155; x_wconf 77' lang='lat' dir='ltr'><strong>Hcsbuep</strong></span> <span class='ocrx_word' id='word_1_58' title='bbox 956 1073 1137 1155; x_wconf 88' lang='lat' dir='ltr'><strong>nuncupato,</strong></span> <span class='ocrx_word' id='word_1_59' title='bbox 1153 1090 1220 1135; x_wconf 90' lang='lat' dir='ltr'><strong>cum</strong></span> <span class='ocrx_word' id='word_1_60' title='bbox 1237 1069 1321 1131; x_wconf 89' lang='lat' dir='ltr'><strong>omni</strong></span> <span class='ocrx_word' id='word_1_61' title='bbox 1337 1070 1424 1144; x_wconf 90' lang='lat' dir='ltr'><strong>inre,</strong></span> <span class='ocrx_word' id='word_1_62' title='bbox 1438 1086 1486 1151; x_wconf 83' lang='lat' dir='ltr'><strong>qno</strong></span> 
     </span>
     <span class='ocr_line' id='line_1_8' title="bbox 298 1174 1486 1264; baseline -0.001 -25"><span class='ocrx_word' id='word_1_63' title='bbox 298 1194 356 1258; x_wconf 78' lang='lat' dir='ltr'><strong>ego</strong></span> <span class='ocrx_word' id='word_1_64' title='bbox 380 1174 461 1259; x_wconf 86' lang='lat' dir='ltr'><strong>ipsus</strong></span> <span class='ocrx_word' id='word_1_65' title='bbox 483 1174 586 1248; x_wconf 85' lang='lat' dir='ltr'><strong>tenui,</strong></span> <span class='ocrx_word' id='word_1_66' title='bbox 610 1174 700 1241; x_wconf 86' lang='lat' dir='ltr'><strong>babui</strong></span> <span class='ocrx_word' id='word_1_67' title='bbox 717 1195 752 1240; x_wconf 89' lang='lat' dir='ltr'><strong>ac</strong></span> <span class='ocrx_word' id='word_1_68' title='bbox 768 1178 893 1261; x_wconf 91' lang='lat' dir='ltr'><strong>possedi</strong></span> <span class='ocrx_word' id='word_1_69' title='bbox 909 1176 1024 1264; x_wconf 79' lang='lat' dir='ltr'><strong>ubsque</strong></span> <span class='ocrx_word' id='word_1_70' title='bbox 1040 1178 1120 1241; x_wconf 92' lang='lat' dir='ltr'><strong>omni</strong></span> <span class='ocrx_word' id='word_1_71' title='bbox 1136 1176 1384 1241; x_wconf 82' lang='lat' dir='ltr'><strong>contradictione</strong></span> <span class='ocrx_word' id='word_1_72' title='bbox 1404 1193 1486 1261; x_wconf 78' lang='lat' dir='ltr'><strong>usqne</strong></span> 
     </span>
     <span class='ocr_line' id='line_1_9' title="bbox 298 1283 1486 1370; baseline -0.002 -23"><span class='ocrx_word' id='word_1_73' title='bbox 298 1304 387 1355; x_wconf 87' lang='lat' dir='ltr'><strong>nune,</strong></span> <span class='ocrx_word' id='word_1_74' title='bbox 404 1303 459 1367; x_wconf 89' lang='lat' dir='ltr'><strong>pro</strong></span> <span class='ocrx_word' id='word_1_75' title='bbox 476 1283 532 1347; x_wconf 89' lang='lat' dir='ltr'><strong>deo</strong></span> <span class='ocrx_word' id='word_1_76' title='bbox 551 1288 581 1345; x_wconf 93' lang='lat' dir='ltr'><strong>et</strong></span> <span class='ocrx_word' id='word_1_77' title='bbox 597 1284 728 1349; x_wconf 88' lang='lat' dir='ltr'><strong>remedio</strong></span> <span class='ocrx_word' id='word_1_78' title='bbox 745 1285 844 1349; x_wconf 88' lang='lat' dir='ltr'><strong>anime</strong></span> <span class='ocrx_word' id='word_1_79' title='bbox 856 1305 923 1350; x_wconf 89' lang='lat' dir='ltr'><strong>mee</strong></span> <span class='ocrx_word' id='word_1_80' title='bbox 934 1291 967 1351; x_wconf 89' lang='lat' dir='ltr'><strong>et</strong></span> <span class='ocrx_word' id='word_1_81' title='bbox 982 1284 1160 1370; x_wconf 81' lang='lat' dir='ltr'><strong>specialiter</strong></span> <span class='ocrx_word' id='word_1_82' title='bbox 1170 1306 1226 1370; x_wconf 91' lang='lat' dir='ltr'><strong>pro</strong></span> <span class='ocrx_word' id='word_1_83' title='bbox 1242 1285 1384 1349; x_wconf 89' lang='lat' dir='ltr'><strong>remedio</strong></span> <span class='ocrx_word' id='word_1_84' title='bbox 1400 1284 1486 1346; x_wconf 80' lang='lat' dir='ltr'><strong>enine</strong></span> 
     </span>
     <span class='ocr_line' id='line_1_10' title="bbox 296 1388 1485 1480; baseline 0 -24"><span class='ocrx_word' id='word_1_85' title='bbox 296 1390 447 1456; x_wconf 81' lang='lat' dir='ltr'><strong>karissimi</strong></span> <span class='ocrx_word' id='word_1_86' title='bbox 474 1388 588 1457; x_wconf 87' lang='lat' dir='ltr'><strong>domini</strong></span> <span class='ocrx_word' id='word_1_87' title='bbox 618 1392 678 1457; x_wconf 88' lang='lat' dir='ltr'><strong>mei</strong></span> <span class='ocrx_word' id='word_1_88' title='bbox 706 1392 819 1458; x_wconf 90' lang='lat' dir='ltr'><strong>domini</strong></span> <span class='ocrx_word' id='word_1_89' title='bbox 841 1394 982 1479; x_wconf 68' lang='lat' dir='ltr'><strong>Budellp</strong></span> <span class='ocrx_word' id='word_1_90' title='bbox 1007 1395 1157 1480; x_wconf 85' lang='lat' dir='ltr'><strong>quendam</strong></span> <span class='ocrx_word' id='word_1_91' title='bbox 1182 1394 1275 1476; x_wconf 78' lang='lat' dir='ltr'><strong>liegis</strong></span> <span class='ocrx_word' id='word_1_92' title='bbox 1315 1392 1485 1457; x_wconf 85' lang='lat' dir='ltr'><strong>Boemornn</strong></span> 
     </span>
     <span class='ocr_line' id='line_1_11' title="bbox 297 1497 1484 1587; baseline 0.002 -22"><span class='ocrx_word' id='word_1_93' title='bbox 297 1498 380 1565; x_wconf 86' lang='lat' dir='ltr'><strong>clare</strong></span> <span class='ocrx_word' id='word_1_94' title='bbox 395 1497 615 1565; x_wconf 89' lang='lat' dir='ltr'><strong>recordationis</strong></span> <span class='ocrx_word' id='word_1_95' title='bbox 629 1519 665 1565; x_wconf 89' lang='lat' dir='ltr'><strong>ac</strong></span> <span class='ocrx_word' id='word_1_96' title='bbox 677 1503 769 1567; x_wconf 87' lang='lat' dir='ltr'><strong>etiam</strong></span> <span class='ocrx_word' id='word_1_97' title='bbox 782 1523 838 1586; x_wconf 91' lang='lat' dir='ltr'><strong>pro</strong></span> <span class='ocrx_word' id='word_1_98' title='bbox 851 1503 985 1568; x_wconf 89' lang='lat' dir='ltr'><strong>remedio</strong></span> <span class='ocrx_word' id='word_1_99' title='bbox 998 1504 1160 1567; x_wconf 77' lang='lat' dir='ltr'><strong>animsrrm</strong></span> <span class='ocrx_word' id='word_1_100' title='bbox 1177 1506 1338 1587; x_wconf 87' lang='lat' dir='ltr'><strong>parentum</strong></span> <span class='ocrx_word' id='word_1_101' title='bbox 1350 1519 1484 1567; x_wconf 69' lang='lat' dir='ltr'><strong>meorum.</strong></span> 
     </span>
     <span class='ocr_line' id='line_1_12' title="bbox 294 1606 1484 1695; baseline -0.002 -23"><span class='ocrx_word' id='word_1_102' title='bbox 294 1607 347 1672; x_wconf 83' lang='lat' dir='ltr'><strong>tuli</strong></span> <span class='ocrx_word' id='word_1_103' title='bbox 363 1606 507 1672; x_wconf 84' lang='lat' dir='ltr'><strong>videlicet</strong></span> <span class='ocrx_word' id='word_1_104' title='bbox 522 1606 693 1675; x_wconf 90' lang='lat' dir='ltr'><strong>conditione</strong></span> <span class='ocrx_word' id='word_1_105' title='bbox 709 1611 877 1682; x_wconf 83' lang='lat' dir='ltr'><strong>mediante,</strong></span> <span class='ocrx_word' id='word_1_106' title='bbox 900 1610 980 1695; x_wconf 81' lang='lat' dir='ltr'><strong>quod</strong></span> <span class='ocrx_word' id='word_1_107' title='bbox 1002 1611 1077 1675; x_wconf 91' lang='lat' dir='ltr'><strong>dieti</strong></span> <span class='ocrx_word' id='word_1_108' title='bbox 1098 1611 1210 1675; x_wconf 84' lang='lat' dir='ltr'><strong>iratres</strong></span> <span class='ocrx_word' id='word_1_109' title='bbox 1230 1608 1364 1691; x_wconf 81' lang='lat' dir='ltr'><strong>singulis</strong></span> <span class='ocrx_word' id='word_1_110' title='bbox 1388 1606 1484 1671; x_wconf 71' lang='lat' dir='ltr'><strong>nimos</strong></span> 
     </span>
     <span class='ocr_line' id='line_1_13' title="bbox 293 1712 1483 1803; baseline -0.002 -23"><span class='ocrx_word' id='word_1_111' title='bbox 293 1716 429 1800; x_wconf 80' lang='lat' dir='ltr'><strong>singulas</strong></span> <span class='ocrx_word' id='word_1_112' title='bbox 452 1714 526 1779; x_wconf 81' lang='lat' dir='ltr'><strong>dues</strong></span> <span class='ocrx_word' id='word_1_113' title='bbox 548 1718 656 1782; x_wconf 87' lang='lat' dir='ltr'><strong>missas</strong></span> <span class='ocrx_word' id='word_1_114' title='bbox 677 1724 828 1803; x_wconf 89' lang='lat' dir='ltr'><strong>perpetue</strong></span> <span class='ocrx_word' id='word_1_115' title='bbox 848 1717 981 1784; x_wconf 89' lang='lat' dir='ltr'><strong>debeant</strong></span> <span class='ocrx_word' id='word_1_116' title='bbox 1004 1717 1179 1791; x_wconf 84' lang='lat' dir='ltr'><strong>celebrare,</strong></span> <span class='ocrx_word' id='word_1_117' title='bbox 1201 1716 1367 1801; x_wconf 85' lang='lat' dir='ltr'><strong>inquibus</strong></span> <span class='ocrx_word' id='word_1_118' title='bbox 1391 1712 1483 1779; x_wconf 85' lang='lat' dir='ltr'><strong>missis</strong></span> 
     </span>
     <span class='ocr_line' id='line_1_14' title="bbox 294 1823 1482 1911; baseline -0.002 -24"><span class='ocrx_word' id='word_1_119' title='bbox 294 1844 348 1909; x_wconf 90' lang='lat' dir='ltr'><strong>pro</strong></span> <span class='ocrx_word' id='word_1_120' title='bbox 365 1844 413 1889; x_wconf 90' lang='lat' dir='ltr'><strong>me</strong></span> <span class='ocrx_word' id='word_1_121' title='bbox 429 1828 461 1888; x_wconf 86' lang='lat' dir='ltr'><strong>et</strong></span> <span class='ocrx_word' id='word_1_122' title='bbox 475 1844 530 1909; x_wconf 92' lang='lat' dir='ltr'><strong>pro</strong></span> <span class='ocrx_word' id='word_1_123' title='bbox 547 1824 627 1891; x_wconf 92' lang='lat' dir='ltr'><strong>dicto</strong></span> <span class='ocrx_word' id='word_1_124' title='bbox 644 1826 763 1891; x_wconf 88' lang='lat' dir='ltr'><strong>domiuo</strong></span> <span class='ocrx_word' id='word_1_125' title='bbox 780 1846 847 1891; x_wconf 87' lang='lat' dir='ltr'><strong>meo</strong></span> <span class='ocrx_word' id='word_1_126' title='bbox 857 1828 993 1911; x_wconf 75' lang='lat' dir='ltr'><strong>liudolfo</strong></span> <span class='ocrx_word' id='word_1_127' title='bbox 1009 1846 1046 1893; x_wconf 88' lang='lat' dir='ltr'><strong>ac</strong></span> <span class='ocrx_word' id='word_1_128' title='bbox 1062 1846 1118 1911; x_wconf 91' lang='lat' dir='ltr'><strong>pro</strong></span> <span class='ocrx_word' id='word_1_129' title='bbox 1135 1823 1312 1911; x_wconf 86' lang='lat' dir='ltr'><strong>parentibus</strong></span> <span class='ocrx_word' id='word_1_130' title='bbox 1330 1824 1409 1889; x_wconf 88' lang='lat' dir='ltr'><strong>meis</strong></span> <span class='ocrx_word' id='word_1_131' title='bbox 1422 1823 1482 1885; x_wconf 86' lang='lat' dir='ltr'><strong>dun</strong></span> 
     </span>
     <span class='ocr_line' id='line_1_15' title="bbox 293 1930 1481 2020; baseline -0.001 -24"><span class='ocrx_word' id='word_1_132' title='bbox 293 1931 424 1996; x_wconf 87' lang='lat' dir='ltr'><strong>debeant</strong></span> <span class='ocrx_word' id='word_1_133' title='bbox 438 1932 548 1996; x_wconf 89' lang='lat' dir='ltr'><strong>deuote</strong></span> <span class='ocrx_word' id='word_1_134' title='bbox 563 1933 740 2017; x_wconf 88' lang='lat' dir='ltr'><strong>deprecari,</strong></span> <span class='ocrx_word' id='word_1_135' title='bbox 770 1940 801 1999; x_wconf 89' lang='lat' dir='ltr'><strong>et</strong></span> <span class='ocrx_word' id='word_1_136' title='bbox 823 1934 904 2020; x_wconf 89' lang='lat' dir='ltr'><strong>quod</strong></span> <span class='ocrx_word' id='word_1_137' title='bbox 920 1936 1011 1999; x_wconf 89' lang='lat' dir='ltr'><strong>iidem</strong></span> <span class='ocrx_word' id='word_1_138' title='bbox 1027 1936 1139 1999; x_wconf 87' lang='lat' dir='ltr'><strong>iratres</strong></span> <span class='ocrx_word' id='word_1_139' title='bbox 1154 1934 1283 2017; x_wconf 75' lang='lat' dir='ltr'><strong>siugulis</strong></span> <span class='ocrx_word' id='word_1_140' title='bbox 1298 1933 1389 1996; x_wconf 86' lang='lat' dir='ltr'><strong>anuis</strong></span> <span class='ocrx_word' id='word_1_141' title='bbox 1404 1930 1481 1995; x_wconf 83' lang='lat' dir='ltr'><strong>anei·</strong></span> 
     </span>
     <span class='ocr_line' id='line_1_16' title="bbox 292 2040 1481 2129; baseline -0.004 -23"><span class='ocrx_word' id='word_1_142' title='bbox 292 2041 459 2106; x_wconf 88' lang='lat' dir='ltr'><strong>uersarium</strong></span> <span class='ocrx_word' id='word_1_143' title='bbox 482 2060 580 2105; x_wconf 89' lang='lat' dir='ltr'><strong>meum</strong></span> <span class='ocrx_word' id='word_1_144' title='bbox 602 2046 633 2105; x_wconf 90' lang='lat' dir='ltr'><strong>et</strong></span> <span class='ocrx_word' id='word_1_145' title='bbox 655 2040 845 2107; x_wconf 78' lang='lat' dir='ltr'><strong>domininici</strong></span> <span class='ocrx_word' id='word_1_146' title='bbox 861 2043 972 2107; x_wconf 89' lang='lat' dir='ltr'><strong>domini</strong></span> <span class='ocrx_word' id='word_1_147' title='bbox 987 2043 1116 2129; x_wconf 75' lang='lat' dir='ltr'><strong>liudolfi</strong></span> <span class='ocrx_word' id='word_1_148' title='bbox 1129 2041 1261 2126; x_wconf 80' lang='lat' dir='ltr'><strong>predicti</strong></span> <span class='ocrx_word' id='word_1_149' title='bbox 1277 2061 1315 2105; x_wconf 91' lang='lat' dir='ltr'><strong>ae</strong></span> <span class='ocrx_word' id='word_1_150' title='bbox 1332 2048 1481 2125; x_wconf 77' lang='lat' dir='ltr'><strong>parentum</strong></span> 
     </span>
     <span class='ocr_line' id='line_1_17' title="bbox 294 2148 1483 2233; baseline -0.002 -21"><span class='ocrx_word' id='word_1_151' title='bbox 294 2168 427 2213; x_wconf 89' lang='lat' dir='ltr'><strong>meorum</strong></span> <span class='ocrx_word' id='word_1_152' title='bbox 445 2154 590 2216; x_wconf 90' lang='lat' dir='ltr'><strong>consueto</strong></span> <span class='ocrx_word' id='word_1_153' title='bbox 613 2169 696 2216; x_wconf 91' lang='lat' dir='ltr'><strong>more</strong></span> <span class='ocrx_word' id='word_1_154' title='bbox 719 2150 834 2216; x_wconf 83' lang='lat' dir='ltr'><strong>ordinis</strong></span> <span class='ocrx_word' id='word_1_155' title='bbox 855 2151 989 2233; x_wconf 88' lang='lat' dir='ltr'><strong>ipsorum</strong></span> <span class='ocrx_word' id='word_1_156' title='bbox 1012 2150 1143 2232; x_wconf 83' lang='lat' dir='ltr'><strong>benigne</strong></span> <span class='ocrx_word' id='word_1_157' title='bbox 1164 2156 1195 2214; x_wconf 91' lang='lat' dir='ltr'><strong>ct</strong></span> <span class='ocrx_word' id='word_1_158' title='bbox 1211 2148 1325 2213; x_wconf 89' lang='lat' dir='ltr'><strong>denote</strong></span> <span class='ocrx_word' id='word_1_159' title='bbox 1341 2165 1483 2233; x_wconf 75' lang='lat' dir='ltr'><strong>peragere</strong></span> 
     </span>
     <span class='ocr_line' id='line_1_18' title="bbox 294 2257 1482 2343; baseline -0.003 -22"><span class='ocrx_word' id='word_1_160' title='bbox 294 2262 463 2322; x_wconf 82' lang='lat' dir='ltr'><strong>teneantur.</strong></span> <span class='ocrx_word' id='word_1_161' title='bbox 497 2258 573 2323; x_wconf 89' lang='lat' dir='ltr'><strong>Volo</strong></span> <span class='ocrx_word' id='word_1_162' title='bbox 590 2258 679 2322; x_wconf 86' lang='lat' dir='ltr'><strong>etiem</strong></span> <span class='ocrx_word' id='word_1_163' title='bbox 696 2263 727 2324; x_wconf 85' lang='lat' dir='ltr'><strong>et</strong></span> <span class='ocrx_word' id='word_1_164' title='bbox 743 2258 865 2333; x_wconf 91' lang='lat' dir='ltr'><strong>ordino,</strong></span> <span class='ocrx_word' id='word_1_165' title='bbox 894 2258 973 2343; x_wconf 88' lang='lat' dir='ltr'><strong>quod</strong></span> <span class='ocrx_word' id='word_1_166' title='bbox 996 2257 1086 2322; x_wconf 89' lang='lat' dir='ltr'><strong>iidem</strong></span> <span class='ocrx_word' id='word_1_167' title='bbox 1103 2259 1213 2322; x_wconf 86' lang='lat' dir='ltr'><strong>iratres</strong></span> <span class='ocrx_word' id='word_1_168' title='bbox 1229 2278 1337 2320; x_wconf 91' lang='lat' dir='ltr'><strong>omnes</strong></span> <span class='ocrx_word' id='word_1_169' title='bbox 1354 2260 1482 2338; x_wconf 82' lang='lat' dir='ltr'><strong>sumptus</strong></span> 
     </span>
     <span class='ocr_line' id='line_1_19' title="bbox 291 2362 1482 2451; baseline -0.005 -22"><span class='ocrx_word' id='word_1_170' title='bbox 291 2385 380 2437; x_wconf 91' lang='lat' dir='ltr'><strong>suos,</strong></span> <span class='ocrx_word' id='word_1_171' title='bbox 403 2386 478 2451; x_wconf 89' lang='lat' dir='ltr'><strong>qnos</strong></span> <span class='ocrx_word' id='word_1_172' title='bbox 503 2366 533 2429; x_wconf 91' lang='lat' dir='ltr'><strong>in</strong></span> <span class='ocrx_word' id='word_1_173' title='bbox 557 2364 720 2431; x_wconf 85' lang='lat' dir='ltr'><strong>laborando</strong></span> <span class='ocrx_word' id='word_1_174' title='bbox 745 2366 842 2432; x_wconf 89' lang='lat' dir='ltr'><strong>dictas</strong></span> <span class='ocrx_word' id='word_1_175' title='bbox 864 2368 965 2431; x_wconf 83' lang='lat' dir='ltr'><strong>vineas</strong></span> <span class='ocrx_word' id='word_1_176' title='bbox 981 2367 1111 2432; x_wconf 82' lang='lat' dir='ltr'><strong>iecerint</strong></span> <span class='ocrx_word' id='word_1_177' title='bbox 1133 2387 1188 2431; x_wconf 88' lang='lat' dir='ltr'><strong>sen</strong></span> <span class='ocrx_word' id='word_1_178' title='bbox 1211 2366 1431 2449; x_wconf 83' lang='lat' dir='ltr'><strong>expenderint,</strong></span> <span class='ocrx_word' id='word_1_179' title='bbox 1450 2362 1482 2423; x_wconf 87' lang='lat' dir='ltr'><strong>de</strong></span> 
     </span>
     <span class='ocr_line' id='line_1_20' title="bbox 291 2473 1482 2559; baseline 0.003 -23"><span class='ocrx_word' id='word_1_180' title='bbox 291 2473 421 2537; x_wconf 82' lang='lat' dir='ltr'><strong>vtilitate</strong></span> <span class='ocrx_word' id='word_1_181' title='bbox 443 2494 497 2539; x_wconf 91' lang='lat' dir='ltr'><strong>seu</strong></span> <span class='ocrx_word' id='word_1_182' title='bbox 526 2474 626 2539; x_wconf 87' lang='lat' dir='ltr'><strong>lructu</strong></span> <span class='ocrx_word' id='word_1_183' title='bbox 652 2474 826 2539; x_wconf 86' lang='lat' dir='ltr'><strong>eorumdem</strong></span> <span class='ocrx_word' id='word_1_184' title='bbox 850 2474 1002 2541; x_wconf 79' lang='lat' dir='ltr'><strong>vinearum</strong></span> <span class='ocrx_word' id='word_1_185' title='bbox 1027 2474 1117 2559; x_wconf 89' lang='lat' dir='ltr'><strong>plene</strong></span> <span class='ocrx_word' id='word_1_186' title='bbox 1141 2473 1291 2539; x_wconf 82' lang='lat' dir='ltr'><strong>rehabere</strong></span> <span class='ocrx_word' id='word_1_187' title='bbox 1318 2478 1482 2539; x_wconf 79' lang='lat' dir='ltr'><strong>teneantur.</strong></span> 
     </span>
     <span class='ocr_line' id='line_1_21' title="bbox 290 2577 1481 2668; baseline -0.003 -23"><span class='ocrx_word' id='word_1_188' title='bbox 290 2577 414 2647; x_wconf 87' lang='lat' dir='ltr'><strong>residua</strong></span> <span class='ocrx_word' id='word_1_189' title='bbox 430 2601 502 2647; x_wconf 82' lang='lat' dir='ltr'><strong>vero</strong></span> <span class='ocrx_word' id='word_1_190' title='bbox 518 2601 608 2667; x_wconf 87' lang='lat' dir='ltr'><strong>pars,</strong></span> <span class='ocrx_word' id='word_1_191' title='bbox 631 2603 691 2668; x_wconf 89' lang='lat' dir='ltr'><strong>que</strong></span> <span class='ocrx_word' id='word_1_192' title='bbox 711 2583 750 2647; x_wconf 91' lang='lat' dir='ltr'><strong>de</strong></span> <span class='ocrx_word' id='word_1_193' title='bbox 767 2583 846 2648; x_wconf 88' lang='lat' dir='ltr'><strong>diota</strong></span> <span class='ocrx_word' id='word_1_194' title='bbox 862 2584 980 2649; x_wconf 91' lang='lat' dir='ltr'><strong>cultura</strong></span> <span class='ocrx_word' id='word_1_195' title='bbox 995 2581 1325 2667; x_wconf 83' lang='lat' dir='ltr'><strong>superhabundauerit‚</strong></span> <span class='ocrx_word' id='word_1_196' title='bbox 1349 2582 1382 2644; x_wconf 90' lang='lat' dir='ltr'><strong>in</strong></span> <span class='ocrx_word' id='word_1_197' title='bbox 1404 2578 1481 2645; x_wconf 82' lang='lat' dir='ltr'><strong>indr-</strong></span> 
     </span>
     <span class='ocr_line' id='line_1_22' title="bbox 289 2689 1481 2775; baseline 0 -25"><span class='ocrx_word' id='word_1_198' title='bbox 289 2689 413 2752; x_wconf 86' lang='lat' dir='ltr'><strong>mariam</strong></span> <span class='ocrx_word' id='word_1_199' title='bbox 435 2689 509 2753; x_wconf 89' lang='lat' dir='ltr'><strong>dicti</strong></span> <span class='ocrx_word' id='word_1_200' title='bbox 532 2690 657 2756; x_wconf 88' lang='lat' dir='ltr'><strong>claustri</strong></span> <span class='ocrx_word' id='word_1_201' title='bbox 679 2690 929 2758; x_wconf 82' lang='lat' dir='ltr'><strong>decumbentibus</strong></span> <span class='ocrx_word' id='word_1_202' title='bbox 952 2712 1008 2775; x_wconf 89' lang='lat' dir='ltr'><strong>pro</strong></span> <span class='ocrx_word' id='word_1_203' title='bbox 1030 2691 1240 2757; x_wconf 85' lang='lat' dir='ltr'><strong>emendatione</strong></span> <span class='ocrx_word' id='word_1_204' title='bbox 1262 2696 1296 2754; x_wconf 91' lang='lat' dir='ltr'><strong>et</strong></span> <span class='ocrx_word' id='word_1_205' title='bbox 1310 2693 1481 2771; x_wconf 80' lang='lat' dir='ltr'><strong>augmenta-</strong></span> 
     </span>
     <span class='ocr_line' id='line_1_23' title="bbox 289 2794 1482 2882; baseline -0.007 -20"><span class='ocrx_word' id='word_1_206' title='bbox 289 2797 373 2862; x_wconf 90' lang='lat' dir='ltr'><strong>tione</strong></span> <span class='ocrx_word' id='word_1_207' title='bbox 389 2797 546 2882; x_wconf 88' lang='lat' dir='ltr'><strong>prebsnde</strong></span> <span class='ocrx_word' id='word_1_208' title='bbox 562 2818 664 2863; x_wconf 90' lang='lat' dir='ltr'><strong>sorum</strong></span> <span class='ocrx_word' id='word_1_209' title='bbox 681 2799 871 2881; x_wconf 80' lang='lat' dir='ltr'><strong>integraliter</strong></span> <span class='ocrx_word' id='word_1_210' title='bbox 884 2799 1016 2865; x_wconf 88' lang='lat' dir='ltr'><strong>debeant</strong></span> <span class='ocrx_word' id='word_1_211' title='bbox 1031 2798 1191 2882; x_wconf 77' lang='lat' dir='ltr'><strong>assignari.</strong></span> <span class='ocrx_word' id='word_1_212' title='bbox 1215 2798 1254 2861; x_wconf 80' lang='lat' dir='ltr'><strong>st</strong></span> <span class='ocrx_word' id='word_1_213' title='bbox 1269 2798 1302 2862; x_wconf 91' lang='lat' dir='ltr'><strong>in</strong></span> <span class='ocrx_word' id='word_1_214' title='bbox 1317 2794 1482 2863; x_wconf 85' lang='lat' dir='ltr'><strong>huiusmodi</strong></span> 
     </span>
     <span class='ocr_line' id='line_1_24' title="bbox 288 2905 1481 2993; baseline -0.001 -24"><span class='ocrx_word' id='word_1_215' title='bbox 288 2926 355 2970; x_wconf 87' lang='lat' dir='ltr'><strong>mee</strong></span> <span class='ocrx_word' id='word_1_216' title='bbox 362 2906 529 2971; x_wconf 81' lang='lat' dir='ltr'><strong>donationis</strong></span> <span class='ocrx_word' id='word_1_217' title='bbox 536 2908 739 2971; x_wconf 86' lang='lat' dir='ltr'><strong>testimoninm</strong></span> <span class='ocrx_word' id='word_1_218' title='bbox 750 2913 986 2993; x_wconf 84' lang='lat' dir='ltr'><strong>perpetunmqm¹</strong></span> <span class='ocrx_word' id='word_1_219' title='bbox 1000 2908 1168 2972; x_wconf 72' lang='lat' dir='ltr'><strong>densitatem</strong></span> <span class='ocrx_word' id='word_1_220' title='bbox 1180 2914 1346 2971; x_wconf 87' lang='lat' dir='ltr'><strong>memorato</strong></span> <span class='ocrx_word' id='word_1_221' title='bbox 1357 2905 1481 2969; x_wconf 76' lang='lat' dir='ltr'><strong>elaustro</strong></span> 
     </span>
     <span class='ocr_line' id='line_1_25' title="bbox 286 3010 1480 3098; baseline -0.006 -17"><span class='ocrx_word' id='word_1_222' title='bbox 286 3014 406 3087; x_wconf 83' lang='lat' dir='ltr'><strong>Sancte</strong></span> <span class='ocrx_word' id='word_1_223' title='bbox 422 3015 533 3081; x_wconf 83' lang='lat' dir='ltr'><strong>Crucis</strong></span> <span class='ocrx_word' id='word_1_224' title='bbox 554 3021 585 3080; x_wconf 90' lang='lat' dir='ltr'><strong>et</strong></span> <span class='ocrx_word' id='word_1_225' title='bbox 601 3017 761 3082; x_wconf 90' lang='lat' dir='ltr'><strong>conuentui</strong></span> <span class='ocrx_word' id='word_1_226' title='bbox 778 3016 914 3081; x_wconf 91' lang='lat' dir='ltr'><strong>eiusdem</strong></span> <span class='ocrx_word' id='word_1_227' title='bbox 937 3016 1052 3081; x_wconf 88' lang='lat' dir='ltr'><strong>litteras</strong></span> <span class='ocrx_word' id='word_1_228' title='bbox 1068 3037 1151 3080; x_wconf 86' lang='lat' dir='ltr'><strong>meas</strong></span> <span class='ocrx_word' id='word_1_229' title='bbox 1167 3018 1329 3098; x_wconf 86' lang='lat' dir='ltr'><strong>presentes</strong></span> <span class='ocrx_word' id='word_1_230' title='bbox 1346 3010 1480 3077; x_wconf 74' lang='lat' dir='ltr'><strong>concessi</strong></span> 
     </span>
     <span class='ocr_line' id='line_1_26' title="bbox 286 3122 1478 3207; baseline -0.005 -20"><span class='ocrx_word' id='word_1_231' title='bbox 286 3122 381 3205; x_wconf 83' lang='lat' dir='ltr'><strong>sigilli</strong></span> <span class='ocrx_word' id='word_1_232' title='bbox 398 3123 458 3187; x_wconf 91' lang='lat' dir='ltr'><strong>mei</strong></span> <span class='ocrx_word' id='word_1_233' title='bbox 474 3128 505 3189; x_wconf 91' lang='lat' dir='ltr'><strong>et</strong></span> <span class='ocrx_word' id='word_1_234' title='bbox 521 3122 631 3207; x_wconf 79' lang='lat' dir='ltr'><strong>sigillis</strong></span> <span class='ocrx_word' id='word_1_235' title='bbox 649 3124 799 3189; x_wconf 88' lang='lat' dir='ltr'><strong>dictorum</strong></span> <span class='ocrx_word' id='word_1_236' title='bbox 811 3124 936 3188; x_wconf 81' lang='lat' dir='ltr'><strong>fratrum</strong></span> <span class='ocrx_word' id='word_1_237' title='bbox 953 3144 1086 3189; x_wconf 87' lang='lat' dir='ltr'><strong>meorum</strong></span> <span class='ocrx_word' id='word_1_238' title='bbox 1103 3124 1264 3188; x_wconf 87' lang='lat' dir='ltr'><strong>munimine</strong></span> <span class='ocrx_word' id='word_1_239' title='bbox 1279 3122 1478 3203; x_wconf 78' lang='lat' dir='ltr'><strong>consignatae</strong></span> 
     </span>
     <span class='ocr_line' id='line_1_27' title="bbox 287 3229 1524 3326; baseline -0.006 -32"><span class='ocrx_word' id='word_1_240' title='bbox 287 3229 394 3295; x_wconf 86' lang='lat' dir='ltr'><strong>Datum</strong></span> <span class='ocrx_word' id='word_1_241' title='bbox 412 3231 617 3326; x_wconf 42' lang='lat' dir='ltr'><strong>anno-domini</strong></span> <span class='ocrx_word' id='word_1_242' title='bbox 635 3232 690 3296; x_wconf 70' lang='lat' dir='ltr'><strong>Mo.</strong></span> <span class='ocrx_word' id='word_1_243' title='bbox 705 3232 804 3298; x_wconf 68' lang='lat' dir='ltr'><strong>CCCt</strong></span> <span class='ocrx_word' id='word_1_244' title='bbox 818 3234 893 3297; x_wconf 68' lang='lat' dir='ltr'><strong>xxv.</strong></span> <span class='ocrx_word' id='word_1_245' title='bbox 910 3232 1129 3319; x_wconf 81' lang='lat' dir='ltr'><strong>septimo(sic)</strong></span> <span class='ocrx_word' id='word_1_246' title='bbox 1146 3232 1178 3295; x_wconf 91' lang='lat' dir='ltr'><strong>ln</strong></span> <span class='ocrx_word' id='word_1_247' title='bbox 1194 3231 1243 3295; x_wconf 91' lang='lat' dir='ltr'><strong>die</strong></span> <span class='ocrx_word' id='word_1_248' title='bbox 1256 3233 1357 3294; x_wconf 87' lang='lat' dir='ltr'><strong>saneti</strong></span> <span class='ocrx_word' id='word_1_249' title='bbox 1368 3229 1479 3291; x_wconf 85' lang='lat' dir='ltr'><strong>Tbome</strong></span> <span class='ocrx_word' id='word_1_250' title='bbox 1523 3305 1524 3326; x_wconf 13' lang='grc' dir='ltr'><strong>Χ</strong></span> 
     </span>
     <span class='ocr_line' id='line_1_28' title="bbox 286 3338 1524 3423; baseline 0.001 -20"><span class='ocrx_word' id='word_1_251' title='bbox 286 3338 426 3423; x_wconf 77' lang='lat' dir='ltr'><strong>apostoli.</strong></span> <span class='ocrx_word' id='word_1_252' title='bbox 1523 3387 1524 3404; x_wconf 70' lang='grc'><strong>.</strong></span> 
     </span>
     <span class='ocr_line' id='line_1_29' title="bbox 378 3427 1524 3531; baseline -0.001 -22"><span class='ocrx_word' id='word_1_253' title='bbox 378 3444 442 3511; x_wconf 92' lang='lat' dir='ltr'><strong>Nos</strong></span> <span class='ocrx_word' id='word_1_254' title='bbox 463 3466 535 3511; x_wconf 88' lang='lat' dir='ltr'><strong>vero</strong></span> <span class='ocrx_word' id='word_1_255' title='bbox 557 3447 757 3531; x_wconf 90' lang='lat' dir='ltr'><strong>peticionibus</strong></span> <span class='ocrx_word' id='word_1_256' title='bbox 780 3450 956 3514; x_wconf 88' lang='lat' dir='ltr'><strong>eorumdem</strong></span> <span class='ocrx_word' id='word_1_257' title='bbox 971 3450 1094 3515; x_wconf 79' lang='lat' dir='ltr'><strong>fratrum</strong></span> <span class='ocrx_word' id='word_1_258' title='bbox 1115 3448 1203 3512; x_wconf 86' lang='lat' dir='ltr'><strong>iustis</strong></span> <span class='ocrx_word' id='word_1_259' title='bbox 1220 3452 1251 3511; x_wconf 91' lang='lat' dir='ltr'><strong>et</strong></span> <span class='ocrx_word' id='word_1_260' title='bbox 1265 3447 1414 3529; x_wconf 78' lang='lat' dir='ltr'><strong>legitimis</strong></span> <span class='ocrx_word' id='word_1_261' title='bbox 1429 3465 1478 3508; x_wconf 86' lang='lat' dir='ltr'><strong>an·</strong></span> <span class='ocrx_word' id='word_1_262' title='bbox 1523 3427 1524 3508; x_wconf 75' lang='lat' dir='ltr'><strong>l</strong></span> 
     </span>
     <span class='ocr_line' id='line_1_30' title="bbox 285 3552 1478 3639; baseline -0.002 -20"><span class='ocrx_word' id='word_1_263' title='bbox 285 3558 414 3619; x_wconf 86' lang='lat' dir='ltr'><strong>nuentes</strong></span> <span class='ocrx_word' id='word_1_264' title='bbox 438 3557 573 3619; x_wconf 88' lang='lat' dir='ltr'><strong>tenorem</strong></span> <span class='ocrx_word' id='word_1_265' title='bbox 596 3554 800 3639; x_wconf 81' lang='lat' dir='ltr'><strong>predictarum</strong></span> <span class='ocrx_word' id='word_1_266' title='bbox 815 3558 984 3622; x_wconf 88' lang='lat' dir='ltr'><strong>litterarum</strong></span> <span class='ocrx_word' id='word_1_267' title='bbox 1010 3556 1234 3623; x_wconf 87' lang='lat' dir='ltr'><strong>teutonicsliutn</strong></span> <span class='ocrx_word' id='word_1_268' title='bbox 1255 3556 1294 3620; x_wconf 90' lang='lat' dir='ltr'><strong>de</strong></span> <span class='ocrx_word' id='word_1_269' title='bbox 1322 3556 1420 3620; x_wconf 92' lang='lat' dir='ltr'><strong>uerbo</strong></span> <span class='ocrx_word' id='word_1_270' title='bbox 1446 3552 1478 3616; x_wconf 80' lang='lat' dir='ltr'><strong>sd</strong></span> 
     </span>
     <span class='ocr_line' id='line_1_31' title="bbox 285 3655 1524 3749; baseline -0.001 -22"><span class='ocrx_word' id='word_1_271' title='bbox 285 3662 411 3729; x_wconf 89' lang='lat' dir='ltr'><strong>uerbum</strong></span> <span class='ocrx_word' id='word_1_272' title='bbox 424 3662 454 3727; x_wconf 95' lang='lat' dir='ltr'><strong>in</strong></span> <span class='ocrx_word' id='word_1_273' title='bbox 466 3664 589 3728; x_wconf 80' lang='lat' dir='ltr'><strong>latinum</strong></span> <span class='ocrx_word' id='word_1_274' title='bbox 604 3664 820 3738; x_wconf 77' lang='lat' dir='ltr'><strong>connectendo,</strong></span> <span class='ocrx_word' id='word_1_275' title='bbox 837 3665 1032 3749; x_wconf 85' lang='lat' dir='ltr'><strong>presentibus</strong></span> <span class='ocrx_word' id='word_1_276' title='bbox 1044 3666 1224 3732; x_wconf 89' lang='lat' dir='ltr'><strong>transscribi</strong></span> <span class='ocrx_word' id='word_1_277' title='bbox 1239 3664 1381 3738; x_wconf 84' lang='lat' dir='ltr'><strong>lecimus,</strong></span> <span class='ocrx_word' id='word_1_278' title='bbox 1398 3662 1478 3746; x_wconf 80' lang='lat' dir='ltr'><strong>sigil-</strong></span> <span class='ocrx_word' id='word_1_279' title='bbox 1523 3655 1524 3712; x_wconf 68' lang='lat' dir='ltr'><strong>l</strong></span> 
     </span>
     <span class='ocr_line' id='line_1_32' title="bbox 285 3717 1524 3857; baseline -0.002 -22"><span class='ocrx_word' id='word_1_280' title='bbox 285 3771 367 3856; x_wconf 88' lang='lat' dir='ltr'><strong>lique</strong></span> <span class='ocrx_word' id='word_1_281' title='bbox 381 3772 476 3836; x_wconf 89' lang='lat' dir='ltr'><strong>nostri</strong></span> <span class='ocrx_word' id='word_1_282' title='bbox 488 3771 650 3836; x_wconf 86' lang='lat' dir='ltr'><strong>munimine</strong></span> <span class='ocrx_word' id='word_1_283' title='bbox 663 3772 783 3837; x_wconf 86' lang='lat' dir='ltr'><strong>easdem</strong></span> <span class='ocrx_word' id='word_1_284' title='bbox 796 3774 970 3856; x_wconf 81' lang='lat' dir='ltr'><strong>consignari</strong></span> <span class='ocrx_word' id='word_1_285' title='bbox 983 3775 1140 3840; x_wconf 86' lang='lat' dir='ltr'><strong>iacientes.</strong></span> <span class='ocrx_word' id='word_1_286' title='bbox 1165 3775 1273 3837; x_wconf 87' lang='lat' dir='ltr'><strong>Datum</strong></span> <span class='ocrx_word' id='word_1_287' title='bbox 1290 3774 1366 3837; x_wconf 84' lang='lat' dir='ltr'><strong>lenia</strong></span> <span class='ocrx_word' id='word_1_288' title='bbox 1382 3773 1480 3857; x_wconf 81' lang='lat' dir='ltr'><strong>quinta</strong></span> <span class='ocrx_word' id='word_1_289' title='bbox 1523 3717 1524 3810; x_wconf 38' lang='lat' dir='ltr'><strong>l</strong></span> 
     </span>
     <span class='ocr_line' id='line_1_33' title="bbox 285 3879 1478 3967; baseline -0.002 -24"><span class='ocrx_word' id='word_1_290' title='bbox 285 3879 421 3963; x_wconf 85' lang='lat' dir='ltr'><strong>proxima</strong></span> <span class='ocrx_word' id='word_1_291' title='bbox 437 3884 506 3945; x_wconf 87' lang='lat' dir='ltr'><strong>unte</strong></span> <span class='ocrx_word' id='word_1_292' title='bbox 530 3879 612 3944; x_wconf 88' lang='lat' dir='ltr'><strong>diem</strong></span> <span class='ocrx_word' id='word_1_293' title='bbox 628 3881 728 3945; x_wconf 84' lang='lat' dir='ltr'><strong>Remis</strong></span> <span class='ocrx_word' id='word_1_294' title='bbox 745 3881 908 3967; x_wconf 85' lang='lat' dir='ltr'><strong>palmarum</strong></span> <span class='ocrx_word' id='word_1_295' title='bbox 925 3902 1002 3948; x_wconf 87' lang='lat' dir='ltr'><strong>anno</strong></span> <span class='ocrx_word' id='word_1_296' title='bbox 1018 3883 1130 3948; x_wconf 90' lang='lat' dir='ltr'><strong>domini</strong></span> <span class='ocrx_word' id='word_1_297' title='bbox 1146 3882 1200 3946; x_wconf 72' lang='lat' dir='ltr'><strong>lit.</strong></span> <span class='ocrx_word' id='word_1_298' title='bbox 1218 3880 1320 3947; x_wconf 73' lang='lat'><strong>(200⁰.</strong></span> <span class='ocrx_word' id='word_1_299' title='bbox 1336 3882 1478 3946; x_wconf 73' lang='lat' dir='ltr'><strong>vicesimo</strong></span> 
     </span>
     <span class='ocr_line' id='line_1_34' title="bbox 285 3986 425 4072; baseline -0.007 -22"><span class='ocrx_word' id='word_1_300' title='bbox 285 3986 425 4072; x_wconf 82' lang='lat' dir='ltr'><strong>septimo.</strong></span> 
     </span>
    </p>
   </div>
   <div class='ocr_carea' id='block_1_3' title="bbox 285 4128 1477 4291">
    <p class='ocr_par' dir='ltr' id='par_1_3' title="bbox 285 4128 1477 4291">
     <span class='ocr_line' id='line_1_35' title="bbox 358 4128 1477 4206; baseline 0.013 -25"><span class='ocrx_word' id='word_1_301' title='bbox 358 4128 524 4197; x_wconf 73' lang='lat' dir='ltr'><strong>Vollstdudig</strong></span> <span class='ocrx_word' id='word_1_302' title='bbox 536 4129 644 4186; x_wconf 87' lang='lat' dir='ltr'><strong>insorirt</strong></span> <span class='ocrx_word' id='word_1_303' title='bbox 656 4130 681 4184; x_wconf 91' lang='lat' dir='ltr'><strong>in</strong></span> <span class='ocrx_word' id='word_1_304' title='bbox 694 4130 742 4185; x_wconf 87' lang='lat' dir='ltr'><strong>der</strong></span> <span class='ocrx_word' id='word_1_305' title='bbox 753 4131 1086 4203; x_wconf 75' lang='lat' dir='ltr'><strong>bestitipungs-Urknnde</strong></span> <span class='ocrx_word' id='word_1_306' title='bbox 1099 4135 1185 4206; x_wconf 74' lang='lat' dir='ltr'><strong>lionig</strong></span> <span class='ocrx_word' id='word_1_307' title='bbox 1200 4135 1288 4190; x_wconf 84' lang='lat' dir='ltr'><strong>llarl&#39;s</strong></span> <span class='ocrx_word' id='word_1_308' title='bbox 1301 4152 1352 4189; x_wconf 85' lang='lat' dir='ltr'><strong>ron</strong></span> <span class='ocrx_word' id='word_1_309' title='bbox 1364 4133 1477 4205; x_wconf 62' lang='lat' dir='ltr'><strong>Unum.</strong></span> 
     </span>
     <span class='ocr_line' id='line_1_36' title="bbox 285 4218 570 4291; baseline 0 -18"><span class='ocrx_word' id='word_1_310' title='bbox 285 4218 347 4273; x_wconf 92' lang='lat' dir='ltr'><strong>ddo.</strong></span> <span class='ocrx_word' id='word_1_311' title='bbox 361 4219 387 4274; x_wconf 84' lang='grc'><strong>3.</strong></span> <span class='ocrx_word' id='word_1_312' title='bbox 400 4218 475 4291; x_wconf 73' lang='lat' dir='ltr'><strong>April</strong></span> <span class='ocrx_word' id='word_1_313' title='bbox 491 4220 570 4275; x_wconf 75' lang='lat' dir='ltr'><strong>test.</strong></span> 
     </span>
    </p>
   </div>
   <div class='ocr_carea' id='block_1_4' title="bbox 0 0 1534 5067">
    <p class='ocr_par' dir='ltr' id='par_1_4' title="bbox 0 0 1534 5067">
     <span class='ocr_line' id='line_1_37' title="bbox 0 0 1534 5067; baseline 0 4"><span class='ocrx_word' id='word_1_314' title='bbox 0 0 1534 5067; x_wconf 95' lang='lat' dir='ltr'><strong> </strong></span> 
     </span>
    </p>
   </div>
  </div>
 </body>
</html>
