3059 5067
1200 352 1278 427 325

69 526 287 612 Potburdors,
313 528 409 592 altera
424 546 521 612 voque
537 527 785 610 septemtrionem
802 545 857 611 pro
874 528 940 591 inre
953 528 1159 612 possessionis
1176 528 1280 593 eccle·

70 636 118 699 sie
135 637 239 699 sancti
254 637 393 724 Georgii,
411 641 442 700 et
457 636 552 699 tercia
568 639 648 699 meta
664 655 719 719 pro
735 634 840 700 eedem
854 636 1050 719 possessione
1061 638 1166 719 Bclyd
1177 640 1248 721 prol
1264 676 1278 688 -

67 748 172 806 torum
197 742 344 807 nobilium
366 762 473 807 versus
497 743 647 808 orientem
668 744 770 807 forent
792 741 1032 827 distinguentes,
1062 750 1093 808 et
1113 745 1179 829 ipsa
1202 747 1280 811 valle

67 850 264 933 egrediendo
286 852 324 915 ad
341 857 459 937 partem
475 848 700 937 aquillonurinm
718 852 755 915 nd
772 851 991 933 longitudinem
1013 852 1119 917 decem
1139 855 1279 937 Iugerum

67 965 225 1023 terrarum
243 959 405 1034 nobilium,
423 970 513 1045 prout
528 980 564 1025 se
579 961 744 1025 secuudum
762 963 1010 1027 consuetudinem
1027 964 1108 1028 illius
1123 965 1280 1047 prouincie

66 1073 318 1151 computatorum
330 1068 367 1131 ad
380 1067 467 1132 aliam
478 1066 588 1132 uallem
600 1068 882 1156 scnpuioaupcrum
898 1071 928 1133 in
939 1072 1056 1153 vulgari
1070 1072 1280 1160 eppndpionob

67 1175 257 1239 nominatam
271 1175 434 1248 tendendo,
453 1182 485 1240 et
500 1175 542 1238 ibi
558 1194 644 1239 ruam
662 1181 770 1239 metam
785 1177 954 1240 cursualem
968 1180 1051 1262 ipsas
1067 1177 1141 1242 duas
1155 1200 1279 1262 posses-

65 1283 182 1348 siones
211 1283 325 1349 domini
352 1284 471 1349 abbatis
495 1291 527 1349 ot
549 1285 734 1367 prelatorum
759 1284 900 1349 nobilium
924 1286 961 1349 ab
984 1287 1112 1351 inuicem
1133 1307 1279 1371 separan-

65 1397 131 1456 tem
150 1399 372 1467 reuouusoent;
390 1393 430 1457 de
446 1393 518 1456 binc
530 1392 569 1456 ad
586 1397 703 1474 partem
718 1391 940 1457 occidentalem
955 1392 1107 1458 flectendo
1125 1402 1156 1458 et
1171 1395 1279 1459 iterato

65 1501 105 1565 ad
130 1521 264 1587 spanum
288 1501 489 1585 longitudinis
510 1501 592 1565 dicte
615 1500 754 1581 Iugerum
778 1507 861 1564 terre
885 1501 984 1565 eundo
1008 1504 1037 1565 in
1061 1505 1189 1588 quodam
1212 1504 1279 1568 loco

65 1630 192 1696 aquoso
205 1614 239 1674 et
248 1609 350 1674 bitoso
360 1612 389 1673 iu
401 1609 516 1693 vulgari
529 1608 794 1676 bocblobnomine
807 1616 969 1674 erexerunt
983 1610 1042 1676 due
1054 1618 1134 1675 mete
1147 1612 1280 1697 antique,

68 1739 205 1803 quarum
219 1739 276 1782 rna
289 1717 328 1782 ab
339 1720 466 1783 orientis
478 1718 566 1803 plaga
579 1737 636 1801 pro
647 1718 955 1804 possessionellolyd
968 1720 1210 1804 supradictorum
1223 1742 1280 1786 no·

69 1828 194 1900 bilinm,
208 1826 305 1891 altera
320 1846 393 1891 rero
408 1846 505 1912 osque
520 1826 709 1891 occidentem
722 1826 856 1890 existens
870 1831 902 1890 et
913 1846 969 1911 pro
983 1846 1060 1891 nunc
1073 1834 1215 1892 renouato
1225 1848 1280 1912 pro

69 1937 279 2019 possessione
295 1934 498 2020 Potboodorf
512 1934 701 2018 distinguere
716 1933 863 2007 deberet,
888 1934 1013 2001 ulterius
1035 1935 1071 1999 ad
1089 1936 1279 2001 occidentem

69 2046 261 2111 declinando
277 2044 314 2110 ad
332 2044 488 2129 quemdam
504 2050 645 2117 montem,
659 2046 749 2111 leoco
765 2052 912 2118 vocatam,
929 2065 1022 2130 penes
1040 2046 1137 2111 lacum
1150 2047 1280 2132 fer-ibeo

71 2153 266 2241 appellatum
288 2154 474 2218 adiacentem
491 2155 590 2219 eundo
607 2161 638 2217 et
654 2153 685 2217 in
701 2153 807 2217 eodem
824 2160 927 2218 monte
948 2174 1033 2220 vnum
1050 2174 1155 2219 nouam
1171 2162 1282 2220 metam

73 2264 265 2339 erexissent,
283 2262 368 2326 stibi
381 2282 490 2326 cursus
502 2269 649 2327 metarum
662 2263 902 2348 supradictarum
915 2262 1041 2327 duorum
1053 2265 1280 2347 possessionum

71 2374 286 2457 Pctbusdorf
291 2378 321 2435 et
328 2372 435 2458 Bclpd
439 2374 652 2437 terminaretur
660 2372 692 2435 ln
705 2372 791 2435 euius
804 2375 850 2437 rei
863 2374 1281 2457 memoriamperpetunmque

71 2483 250 2547 firmitatem
262 2479 300 2545 nd
312 2480 504 2565 presencium
517 2482 683 2565 peticiones
701 2486 862 2565 presentes
879 2482 1086 2547 concessimus
1102 2481 1206 2546 literas
1223 2502 1279 2545 no-

72 2598 160 2655 stres
178 2588 395 2675 priuilegiales,
412 2590 575 2673 pendentis
592 2595 622 2653 et
639 2592 781 2655 autentici
797 2590 888 2673 sigilli
904 2591 1171 2676 nostrimuuimine
1188 2590 1279 2654 robo-

72 2708 172 2765 ratas.
190 2699 299 2762 Datum
315 2701 345 2761 in
362 2698 443 2763 festo
459 2700 557 2763 sancti
569 2699 878 2765 beureneiimertiris
896 2719 972 2764 auno
989 2699 1102 2764 domini
1119 2700 1279 2765 blillesimo

72 2806 172 2874 000⁰
186 2809 267 2872 lxx*
287 2827 364 2872 nono
386 2808 515 2871 dominis
534 2808 690 2873 lblrondo
706 2810 880 2891 preposito,
905 2808 1000 2873 Petro
1017 2808 1145 2879 lectore,
1161 2807 1280 2871 ,Ioanne

72 2924 220 2989 cantore,
236 2917 404 2982 Dmninico
424 2916 551 2980 custode
574 2919 750 3002 ceterisque
766 2916 894 2981 dominis
915 2920 945 2980 et
968 2915 1122 2979 canonicis
1146 2916 1279 2980 ecclesie

73 3032 184 3092 nostre
201 3025 399 3090 existentibus
415 3029 447 3089 et
462 3024 520 3089 deo
535 3023 751 3089 seruientibus.

156 3167 274 3238 original
288 3168 335 3223 aui
344 3169 513 3238 Pergameni,
526 3166 622 3221 desseu
636 3166 727 3236 Siegel
741 3165 817 3221 fehlt.

597 3346 750 3428 CCXCl.

72 3474 159 3547 lm,
172 3473 217 3535 82.
229 3472 356 3545 dolebat,
378 3472 551 3547 marenca.
564 3504 601 3513 -
613 3473 702 3528 Jacob
715 3472 750 3528 dc
764 3471 881 3547 Serpens,
889 3471 983 3543 judex
996 3471 1095 3526 curiae
1108 3470 1156 3526 des
1169 3471 1280 3541 Konigr

73 3566 223 3636 nudem
234 3582 290 3620 aon
305 3562 431 3633 Uagam,
448 3563 624 3620 beurbundet
637 3562 686 3619 die
702 3562 886 3633 gcricbtlicde
899 3561 1102 3633 Brmebtipung
1120 3561 1174 3617 der
1188 3562 1280 3618 Gren-

189 3671 243 3712 zea
253 3658 387 3725 peruror
398 3654 590 3725 Besitzuapcn
604 3654 657 3711 cler
669 3654 751 3711 aeres·
766 3652 985 3723 Heiligcnlrreoa
997 3653 1028 3709 in
1044 3653 1170 3721 Uagam.

171 3786 234 3849 Nos
250 3806 352 3850 comes
368 3787 506 3852 ,lacobus
522 3786 562 3850 de
577 3784 711 3871 Scopas,
723 3782 817 3865 judex
835 3784 917 3847 curie
934 3783 1128 3847 Serenissirui
1146 3787 1177 3846 et
1194 3803 1279 3865 mag·

74 3892 162 3958 uilici
180 3892 340 3978 principis,
358 3892 475 3956 Domini
491 3891 655 3963 Lodooioi,
672 3891 727 3954 Dei
744 3893 848 3971 gracia
864 3890 969 3973 lnclyti
985 3891 1089 3979 Regni
1103 3892 1280 3978 nuenario,

74 4002 225 4072 Polom'c,
248 4002 419 4067 Ilolmooic
434 4008 493 4064 etc.
518 3999 664 4062 memorie
688 3999 932 4063 commendantes
954 4004 1060 4062 tenore
1088 4002 1281 4082 presencium

76 4110 304 4191 significamus,
332 4109 442 4194 quibus
466 4108 589 4193 expedit
613 4108 779 4179 universis,
798 4108 877 4192 quod
894 4107 1046 4173 Nicotaus
1063 4108 1160 4172 dictus
1178 4109 1281 4195 Fuigo

78 4238 136 4303 pro
155 4218 326 4305 Gregorio,
349 4217 410 4281 lilio
426 4218 532 4283 Belod
544 4218 586 4281 de
600 4215 849 4303 Erwcbeflenpb,
879 4220 950 4280 tunc
968 4223 1165 4299 procuratore
1184 4216 1280 4279 literis

77 4326 290 4412 palatinalibus
318 4327 404 4409 Juxta
435 4326 655 4390 continenciam
687 4324 840 4388 literarum
874 4328 1043 4388 nostrarum
1081 4325 1217 4408 proxime
1250 4326 1280 4387 in

78 4440 187 4501 octana
211 4436 282 4499 sesti
305 4435 386 4498 beati
413 4434 572 4499 ldicbaelis
601 4434 782 4515 Archangeli
817 4434 847 4496 in
875 4453 952 4496 anno
981 4432 1091 4496 domini
1119 4431 1279 4496 blillesimo

77 4544 186 4610 CCC¹⁰
213 4544 305 4607 lxx¹¹⁰
332 4550 439 4608 octauo
468 4541 623 4628 preteritis
655 4542 691 4605 ad
723 4547 856 4606 nostram
886 4540 1058 4607 accedendo
1091 4540 1279 4626 presenciam
