3059 5067
245 266 292 341 ld

239 450 270 515 di
295 449 346 515 bie
366 446 551 531 gescbriben
567 452 659 515 stem.
696 450 757 515 llcr
775 449 934 519 ll'ca‘cburt
948 471 1011 517 oon
1029 452 1137 539 Topel.
1163 449 1219 513 ber
1237 452 1347 537 napos
1370 473 1441 515 m

242 558 361 623 Wldelr
377 557 435 622 und
451 557 507 623 ber
526 558 598 625 Otia
613 561 677 623 sein
693 558 817 640 prudcr.
834 558 893 622 und
913 557 1026 623 brrder
1042 560 1183 625 Claram
1197 580 1259 623 coa
1271 559 1443 623 Ldiavcld

240 662 352 730 bruder
369 666 511 731 Hermon
532 665 588 729 der
604 665 765 731 chamerer
782 686 818 731 ue
834 664 995 731 bilinreld.
1031 667 1119 729 liitce
1134 666 1174 729 ist
1187 667 1378 749 gescbeben,
1395 667 1440 729 do

238 792 295 837 uon
311 771 450 837 Christes
466 773 581 857 gepvrd
599 794 700 839 waren
716 779 836 838 tavsent
848 774 895 845 iar
911 773 970 837 rnd
986 774 1191 837 drenbrndert
1206 774 1267 837 rod
1284 777 1362 838 awai
1378 776 1440 844 ier,

240 882 317 947 nacb
334 880 446 947 Ostcrn
463 880 537 947 uber
554 881 625 945 acbt
639 887 692 963 tag
708 881 836 949 crubuit
851 903 888 947 ce
905 881 1106 948 Neoodorclr.

312 1022 430 1094 original
441 1024 491 1078 sul
500 1022 659 1093 esrgsnno
671 1023 796 1077 mitescet
808 1022 925 1093 Siepeln.

801 1185 864 1263 Xl.

239 1326 315 1400 1³⁰8.
328 1326 366 1391 ld.
378 1326 535 1399 boulen,
547 1324 676 1389 hictu.
686 1326 816 1381 -ustte
827 1328 919 1397 Pcprt
929 1326 1102 1400 Beudfceisrr
1112 1326 1188 1383 vm.
1200 1327 1254 1401 frti·
1264 1328 1440 1385 deame*

491 1416 713 1475 nicom-Ordaia
724 1418 755 1475 ia
764 1416 880 1490 Betrcff
887 1417 939 1471 der
950 1416 1181 1491 zeuentfraeuess.

241 1634 284 1699 sis
305 1634 487 1709 Abbatibus.
511 1636 681 1703 abbatissis
703 1642 734 1701 st
762 1635 969 1702 conuentibus
993 1635 1108 1699 ordinis
1132 1638 1351 1703 coronensis
1375 1643 1439 1699 tans

240 1742 433 1824 presentibus
452 1763 539 1827 quarn
563 1746 673 1811 futuris
696 1745 825 1809 salutern
847 1751 879 1810 et
901 1743 1099 1827 apostolicam
1115 1744 1369 1809 benedictionem.
1405 1745 1438 1807 ln

240 1849 373 1914 ecclesie
397 1848 583 1915 firmamento
607 1859 709 1917 uester
725 1852 801 1915 ordo
822 1854 920 1916 nitore
937 1851 1020 1916 claro
1037 1871 1218 1917 corruscans
1233 1851 1439 1918 uniuersalem

238 1960 344 2040 gregis
365 1958 508 2023 dominici
531 1960 628 2024 aulam
655 1958 804 2023 illuminat
820 1965 850 2023 et
871 1958 1063 2024 currentibus
1079 1960 1111 2021 in
1127 1958 1225 2023 stadio
1242 1964 1361 2026 rectum
1377 1961 1438 2022 iter

238 2066 378 2139 insinuat,
395 2086 454 2152 quo
472 2067 509 2130 ad
525 2066 630 2131 salutis
648 2065 783 2132 bravium
800 2068 920 2133 facilius
936 2068 1121 2151 peruenitur.
1139 2065 1243 2149 Nuper
1258 2066 1380 2150 quidem
1397 2064 1438 2129 ob

239 2174 297 2238 boc
310 2180 341 2239 et
352 2179 475 2259 propter
494 2175 594 2255 magni
612 2173 783 2239 denotionis
794 2174 944 2247 affectum.
961 2172 1104 2259 quemad
1121 2193 1176 2237 nos
1193 2177 1224 2236 et
1239 2173 1439 2256 apostolicam

238 2279 341 2347 sedeur
358 2280 495 2353 habetis.
520 2279 657 2347 ordinem
681 2284 778 2366 ipsum
799 2304 835 2347 ac
860 2302 916 2347 uos
933 2286 964 2345 et
986 2283 1061 2345 alios
1078 2280 1212 2348 eiusdem
1230 2279 1347 2345 ordinis
1363 2301 1438 2363 pro-

240 2390 375 2453 fessores
393 2388 494 2455 intima
511 2389 636 2455 caritate
652 2391 875 2473 prosequimur.
893 2410 927 2454 sc
944 2390 1074 2453 sinceris
1090 2386 1249 2454 affectibus
1266 2390 1439 2459 excitamur,

240 2495 278 2558 ad
295 2499 398 2560 uestra
415 2501 445 2559 et
460 2495 578 2561 illorum
594 2496 769 2569 commoda.
790 2500 821 2560 in
837 2496 948 2579 quibus
963 2496 1092 2559 honeste
1115 2512 1289 2579 possumes‚
1314 2513 1439 2577 promo-

241 2602 347 2669 uenda.
386 2604 517 2687 Ideoque
541 2604 757 2687 premissorum
785 2604 896 2668 intuitu
920 2612 952 2671 st
973 2603 1100 2669 obtentu
1128 2602 1233 2668 dilecti
1259 2599 1314 2668 tilii
1342 2602 1440 2666 nostri

240 2711 372 2777 liuberti
394 2710 480 2775 ututo
505 2716 610 2775 sancte
626 2711 812 2779 Pudentiane
835 2711 1001 2794 presbiteri
1017 2710 1199 2785 Cardinulin
1221 2709 1273 2793 qui
1290 2715 1440 2795 tamquam

240 2818 350 2903 prefati
366 2817 481 2883 ordinis
498 2836 586 2902 quem
602 2818 759 2902 protessus
775 2820 879 2885 existit
893 2824 1049 2905 promotor
1064 2818 1214 2890 assiduus,
1239 2818 1440 2881 necessitates

240 2928 358 2989 uestras
374 2930 405 2987 et
420 2925 493 2989 dicti
511 2926 625 2991 ordinis
642 2926 728 2991 nobis
745 2932 922 2993 reverenter
938 2926 1088 3008 exposuit,
1105 2930 1136 2989 st
1150 2942 1244 3006 super
1259 2922 1320 2987 illis
1337 2930 1443 2990 nostre

240 3030 1443 3119 provisionisauxiliumimplorauit,uobisauctoritateprescotiumindulgemus.

241 3144 273 3205 ut
285 3139 323 3205 de
335 3140 427 3205 terris
443 3143 554 3205 nestris
571 3142 660 3205 cultis
677 3148 708 3205 et
723 3140 845 3205 incultis
861 3141 900 3205 sd
916 3140 1054 3206 ordinem
1072 3144 1207 3203 uestrum
1221 3138 1442 3222 spectantibus,

240 3268 314 3333 quas
332 3246 398 3311 aliis
414 3249 613 3313 concessistis
631 3249 677 3312 uel
694 3248 869 3313 concedetis
885 3250 1080 3334 imposterum
1097 3246 1289 3318 excolendas,
1318 3247 1359 3310 de
1374 3248 1443 3331 qui·

242 3355 297 3421 bus
314 3363 414 3420 tamen
431 3356 540 3438 aliquis
558 3355 693 3419 decimas
709 3375 764 3418 scu
781 3356 929 3437 primitias
943 3376 1002 3419 non
1018 3356 1175 3438 percepit,
1198 3354 1297 3417 nullus
1320 3352 1442 3419 auubis

242 3483 297 3527 seu
314 3461 479 3527 cultoribus
504 3469 651 3529 terrarum
673 3462 807 3545 ipsarum
827 3470 878 3527 sut
891 3464 1129 3549 quibuscumque
1149 3462 1219 3526 aliis
1236 3461 1372 3527 decimus
1388 3480 1442 3525 seu

241 3569 391 3652 primitias
417 3571 542 3653 exigere
565 3568 615 3633 uel
636 3574 819 3654 extorquere
840 3579 1002 3655 presumat.
1039 3570 1103 3637 Nus
1119 3571 1198 3635 cnim
1215 3567 1438 3633 nichillominus

242 3678 356 3743 irritum
384 3677 574 3745 decernimus
603 3683 635 3743 et
658 3678 760 3751 inane,
789 3679 861 3762 qnid
888 3681 959 3763 quid
984 3685 1090 3745 contra
1117 3683 1256 3741 tenorem
1271 3675 1441 3741 huiusmodi

241 3783 428 3865 indulgentie
455 3787 545 3851 suerit
566 3784 785 3869 attemplatum.
825 3785 905 3849 Nulli
927 3806 1003 3869 ergo
1028 3785 1148 3850 omuino
1173 3783 1326 3848 bominum
1341 3784 1441 3857 liceat,

242 3891 319 3955 bano
336 3892 475 3979 paginam
492 3900 596 3960 nostes
619 3894 829 3959 concessionis
852 3900 883 3956 et
905 3893 1131 3959 constitutionis
1154 3891 1323 3973 intringere
1348 3889 1442 3953 uelci

244 4019 319 4065 ausu
335 4003 494 4065 temerario
512 4001 670 4067 contraire.
697 3999 731 4063 Si
747 4001 814 4083 quis
832 4007 931 4065 autem
946 4001 1006 4064 boo
1022 3999 1199 4084 attemptare
1212 3998 1442 4083 presumpserit,

242 4108 479 4189 indignationem
493 4109 704 4194 omnipotentis
721 4108 771 4171 dei
787 4114 819 4170 et
830 4107 986 4172 beatorum
998 4108 1080 4171 Petri
1096 4113 1128 4171 et
1139 4106 1225 4173 Pauli
1238 4106 1442 4188 apostolorum

242 4215 308 4281 eius
325 4236 359 4279 se
383 4216 500 4281 nouerit
518 4218 718 4281 incursurum.
756 4214 862 4280 Datum
879 4214 1022 4279 Laterani
1043 4214 1107 4279 XV.
1123 4214 1274 4280 Kalendas
1296 4213 1443 4281 ianuarii.

243 4321 438 4390 Pontificatus
454 4324 551 4389 nostri
566 4326 651 4387 dinuo
668 4322 794 4389 octavo.

315 4447 432 4515 Originnl
446 4447 494 4501 unt
505 4448 661 4516 Pergansent
674 4445 720 4501 unit
733 4445 866 4501 illeibulle.
