3059 5067
667 692 725 769 111.

85 836 163 900 1000,
178 834 440 895 1011110110.-
453 832 508 888 Die
525 830 642 888 oranter
661 834 782 906 Reputo,
804 834 941 891 Heinrieb
961 836 1024 892 and
1037 836 1174 901 Komod,
1197 840 1294 894 Sobara

87 928 136 983 des
149 926 291 981 Heinrich
302 942 359 980 con
370 926 481 986 Brunca,
502 926 628 993 yencnnt
648 924 796 997 saphrus,
818 926 916 981 leistcn
933 944 971 982 zu
995 928 1125 983 Guruten
1138 928 1194 984 der
1213 929 1295 984 Abtes'

87 1016 311 1087 uallantem
321 1012 452 1070 Versirbt
463 1015 523 1087 auf
534 1014 598 1069 illa-s
610 1012 777 1086 Ansprulebe
794 1032 835 1071 aa
851 1018 900 1072 cin
911 1016 1007 1073 buttes
1019 1016 1120 1091 Pftnd
1130 1018 1291 1088 Psmnlaye

526 1102 611 1159 Gutta
623 1120 662 1158 aa
673 1104 861 1178 Emer-edors.

106 1305 109 1311 1
180 1216 245 1281 Nos
260 1218 397 1303 Reputo,
419 1214 609 1287 Helorinus.
633 1214 838 1290 Charmadas,
864 1216 918 1282 dlii
934 1219 1090 1284 Heinrics’
1110 1220 1151 1284 dc
1164 1219 1295 1287 Pmnne

89 1314 295 1411 cognomentis
307 1320 689 1411 Sophene-profitemur
705 1330 735 1387 et
751 1323 789 1388 ad
806 1325 948 1391 noticiam
964 1330 1138 1391 cunctorum
1156 1329 1294 1393 volumus

90 1436 273 1520 peruenire,
288 1430 369 1517 quod
393 1450 460 1495 oum
487 1426 581 1495 abbas
604 1436 636 1496 et
652 1431 825 1497 conuentus
847 1434 1023 1499 llonssterii
1044 1442 1155 1500 nonme
1172 1438 1292 1507 Omois,

89 1545 251 1632 spadone
267 1539 413 1607 auunculo
437 1543 541 1603 nostro
565 1540 595 1601 iu
612 1540 946 1627 Enqelsabolcbsdoaf
954 1543 1071 1607 dimidii
1087 1542 1199 1607 talenti
1221 1543 1295 1608 red-

87 1652 168 1718 ditus
185 1653 431 1736 comparassent,
453 1646 562 1711 eodem
589 1647 737 1713 auunculo
759 1654 864 1714 nosue
889 1652 1004 1736 sbsqna
1026 1650 1200 1716 heredibus
1216 1650 1294 1716 riam

87 1762 231 1826 uniuerse
247 1757 349 1823 carnis
374 1757 531 1839 ingresso,
563 1756 711 1839 premisse
740 1759 896 1841 possessio
931 1758 1104 1842 aliqualiter
1123 1760 1192 1823 iure
1218 1779 1294 1843 pro-

88 1868 266 1955 pinguitetis
283 1865 321 1930 ed
338 1885 392 1929 nos
409 1865 508 1929 luerat
523 1863 681 1937 deuolute,
699 1880 794 1948 qnare
817 1871 1012 1930 memoratum
1039 1867 1181 1932 abbatem
1198 1886 1290 1951 super

91 1978 245 2063 emptione
260 1973 363 2039 babitu
378 1974 522 2037 traximus
539 1972 585 2037 od
598 1973 756 2059 placitum
768 1978 932 2061 yenerale.
977 1974 1080 2040 Abbas
1096 1995 1168 2039 vero
1184 1974 1291 2039 volans

92 2105 223 2170 parcere
243 2082 397 2147 laboribus
420 2086 452 2147 et
472 2080 613 2163 expensis
636 2080 750 2145 domiui
773 2084 871 2147 nostri
888 2083 1047 2149 Obulbobe'
1060 2085 1101 2149 de
1115 2084 1300 2169 Ebmsdorf

91 2191 258 2258 camerarii
274 2190 395 2255 audrie
415 2188 541 2253 urbium
569 2206 604 2251 se
627 2189 755 2253 comisit.
773 2190 825 2274 qui
846 2191 931 2255 nobis
960 2190 1024 2255 dari
1047 2193 1204 2255 constituit
1227 2192 1287 2257 llll.

90 2300 205 2367 solidos
222 2298 424 2370 denariorum,
440 2302 472 2362 ut
483 2297 579 2363 omnis
591 2298 743 2362 contentio
756 2298 927 2372 tolleretur,
938 2299 1018 2364 vnde
1031 2321 1068 2364 ex
1079 2320 1159 2365 nunc
1174 2319 1289 2364 renun-

1 2490 2 2493 ,
91 2410 233 2475 tinuimus
247 2412 279 2471 et
293 2406 504 2470 renunciamus
521 2406 600 2469 omni
616 2406 684 2478 iuri,
701 2406 782 2489 quod
797 2406 884 2470 nobis
901 2407 932 2470 in
948 2407 1097 2491 premissa
1112 2406 1291 2473 heredidate

92 2520 267 2601 competere
281 2512 456 2585 videbatur,
480 2512 650 2595 obligantes
675 2532 729 2577 nos
754 2512 791 2577 ed
811 2513 1020 2579 defensionem
1039 2513 1161 2600 plenam
1188 2520 1292 2579 contre

90 2644 215 2688 sorores
230 2628 351 2687 nostros
366 2627 398 2686 et
413 2620 571 2685 uniuersos
588 2621 661 2685 elios
678 2620 857 2685 coheredes.
896 2622 935 2686 llt
956 2643 994 2686 na
1009 2624 1158 2705 premissa
1173 2622 1293 2689 valeant

91 2734 122 2796 in
138 2738 294 2816 posterum
311 2729 348 2795 ab
365 2730 463 2815 aliquo
479 2729 611 2801 irritari,
632 2734 807 2813 presentem
822 2730 953 2795 litteram
969 2732 1127 2815 sepedicto
1142 2730 1245 2795 abbati
1261 2735 1293 2795 et

92 2840 263 2905 conuentui
275 2838 452 2905 tradidimus
464 2835 564 2919 sigillo
576 2836 720 2901 antedicti
732 2836 845 2903 domini
853 2841 948 2903 nostri
961 2838 1119 2905 Obstbobi
1130 2838 1291 2903 munimine

91 2948 275 3013 roboratam.
314 2948 426 3013 Testes
449 2946 538 3008 etiam
562 2944 651 3009 huius
674 2945 719 3008 rei
744 2958 822 3010 suut.
866 2946 1010 3011 Dominus
1031 2948 1188 3031 llodolfus
1212 2944 1291 3011 lilius

91 3058 205 3121 domini
222 3056 329 3121 nostri.
368 3055 513 3119 Dominus
532 3053 719 3119 Wicbordus
741 3054 783 3119 de
797 3053 960 3120 Arrestuin.
992 3055 1138 3119 Dominus
1162 3055 1236 3119 Otto
1252 3056 1293 3120 de

98 3165 248 3231 Wildclce.
271 3165 414 3229 Dominus
433 3162 621 3229 counradus
636 3163 676 3227 dc
691 3162 898 3228 Proitcnoeld
912 3166 943 3226 et
958 3162 1101 3227 Dominus
1116 3163 1291 3228 Heinricus

93 3274 188 3337 irater
214 3273 290 3336 eius.
331 3272 474 3335 Dominus
498 3271 612 3334 Halano
636 3273 666 3333 et
689 3270 834 3334 Dominus
860 3271 933 3336 Otto
955 3271 1065 3335 milites
1092 3271 1123 3333 in
1147 3272 1290 3336 Wennc.
1406 3278 1409 3282 ’

92 3380 280 3445 Fn'deodcus
307 3376 406 3444 miles
431 3380 472 3444 de
500 3378 685 3462 Edcrsdorf.
725 3379 868 3462 Sifra'dos
897 3377 984 3442 miles
1016 3379 1056 3444 de
1082 3379 1291 3444 Monesocerd.

92 3488 352 3555 Mbuimuotus
372 3489 413 3553 de
431 3486 607 3561 Swecbent,
625 3490 656 3549 et
671 3485 722 3549 alii
739 3505 827 3571 quem
843 3485 947 3570 plures
964 3486 1042 3551 fides
1060 3487 1152 3571 digni.
1184 3487 1291 3551 Datum

94 3601 127 3661 ct
141 3600 242 3662 sctum
255 3598 338 3661 Auno
355 3596 469 3661 domini
485 3594 643 3659 blillesimo
660 3592 758 3659 CCC‘t
774 3593 806 3658 in
823 3592 872 3660 die
888 3600 993 3661 sancte
1006 3592 1184 3679 Elyzabetb.

168 3739 287 3811 original
300 3740 347 3795 aul
358 3740 525 3810 Pergameni,
542 3734 637 3794 dassen
647 3736 738 3809 Siegel
750 3736 826 3791 lablt.

663 3918 721 3997 lv.

89 4064 164 4136 1001,
177 4064 219 4123 lo.
232 4064 316 4123 lun.
330 4092 362 4103 -
378 4062 519 4119 Ntlrolcue
535 4062 588 4117 der
609 4060 676 4117 Esel
692 4078 747 4118 aon
763 4062 918 4135 Borktttess
934 4062 1090 4119 oentcbtct
1107 4080 1145 4118 su
1165 4064 1295 4119 oenum

1 4180 2 4195 ÷
91 4154 145 4211 uer
158 4154 242 4211 Adtca'
258 4152 479 4223 Hetliccnbreus
496 4150 554 4225 cus
563 4150 620 4207 cllo
639 4153 716 4229 reim
729 4152 896 4227 Amprocle
907 4170 948 4208 css
961 4153 1045 4209 einen
1062 4152 1156 4216 Wutd,
1167 4157 1295 4225 gemant

563 4259 603 4297 an
615 4241 679 4297 dem
690 4242 829 4297 Hoebeclr.

1 4438 2 4471 ;
181 4373 233 4437 lob
244 4372 357 4439 Niciae
372 4370 515 4437 derEoel
526 4390 584 4435 von
596 4371 765 4437 Pocbolice
780 4375 833 4434 tun
850 4372 942 4437 cbunt
957 4371 1036 4436 allen
1053 4372 1123 4444 den,
1141 4370 1191 4435 dia
1206 4371 1293 4436 disan

1 4488 2 4549 l
90 4482 174 4546 briet'
194 4481 294 4545 leseut
323 4480 397 4544 oder
422 4482 531 4543 borant
549 4479 653 4549 lesen,
686 4478 737 4543 die
766 4499 804 4544 nu
821 4480 925 4544 lebant
951 4480 1024 4545 vndt
1040 4481 1098 4543 auh
1115 4479 1144 4543 di
1162 4479 1217 4543 ber
1233 4480 1292 4544 nab

93 4589 234 4671 chunitig
250 4589 328 4662 sint,
357 4587 413 4653 das
429 4588 481 4653 ich
497 4588 546 4651 ein
562 4586 713 4672 ansprsch
736 4586 796 4652 ben
812 4589 946 4672 gebabet
960 4588 1041 4653 bintu
1058 4587 1128 4652 dem
1142 4588 1202 4673 npt
1217 4586 1296 4653 vnde

1 4726 2 4733 ,
1042 4695 1075 4747 1·
