3059 5067
245 370 268 441 b

250 545 318 607 dem
335 563 390 608 ror
412 546 562 626 genanten
578 540 632 607 abt
656 540 716 606 und
739 540 796 605 der
812 538 986 622 Surununge
1007 541 1112 605 neiuer
1132 540 1255 621 ewigeo
1275 539 1446 608 Steliebeit

249 652 306 715 und
325 650 499 716 Sicberbeit
514 650 568 715 des
587 666 742 733 ergangen
759 647 879 713 ebonis.
909 647 964 711 blit
979 645 1040 711 den
1054 648 1237 729 gezeingen,
1253 648 1305 713 die
1320 648 1372 711 bie
1388 648 1447 712 be·

247 764 319 823 nant
340 760 412 823 sint.
443 758 505 823 Dar
532 758 595 823 sint
621 756 671 823 die
699 755 1005 823 znenbannicntor.
1041 755 1102 821 ller
1116 754 1233 821 Altero
1247 756 1364 821 Stoobe
1383 755 1446 819 und

247 866 319 931 bern
347 866 456 933 Vtricb
482 889 542 933 voa
572 864 811 949 llblfkersdors.
852 862 930 927 llerr
960 866 1035 929 Otto
1062 884 1124 929 coa
1156 865 1280 929 Wildelr
1305 863 1365 930 und
1388 862 1446 927 ber

246 976 354 1061 napos
375 974 445 1039 acin
467 974 595 1041 trader.
630 973 687 1036 ber
711 972 856 1038 Wicbart
875 992 938 1038 con
959 972 1119 1043 ammeio,
1148 972 1205 1035 ber
1224 972 1360 1057 Lecpelt
1380 992 1445 1035 cen

245 1080 474 1170 Sacboeapanq
488 1081 549 1145 vrrd
566 1082 622 1147 her
638 1080 787 1147 bertaeid
801 1079 867 1145 sein
883 1078 1008 1152 hindar,
1025 1078 1083 1144 rod
1100 1078 1230 1144 auderet
1244 1098 1366 1142 rrumer
1380 1077 1447 1141 lert

245 1182 377 1271 genich.
407 1189 475 1253 Ditz
491 1190 531 1253 ist
545 1188 723 1271 gescbebeo
745 1188 825 1253 nach
841 1186 976 1253 cbristes
991 1186 1104 1271 geburt
1120 1186 1195 1252 uber
1211 1190 1342 1251 towsent
1357 1186 1444 1250 drew

246 1295 385 1362 bundert.
422 1297 454 1360 ln
478 1297 546 1363 dem
569 1302 672 1363 ersten
694 1298 738 1360 iar
766 1296 835 1360 dats
857 1296 1075 1363 Nemenburcb
1096 1296 1132 1361 in
1152 1296 1223 1361 dm
1238 1296 1307 1361 loct
1320 1294 1447 1379 teidirrq

245 1424 300 1469 vor
315 1408 384 1469 eant
399 1406 526 1469 blcrtins
544 1410 595 1486 teg
611 1404 666 1468 des
683 1408 851 1485 mentages.

317 1528 435 1599 original
449 1528 495 1583 nul
505 1528 662 1598 Pergameni
673 1527 721 1581 mit
733 1528 818 1583 einem
830 1526 932 1596 Siepel,
942 1525 1006 1581 arrei
1015 1525 1115 1582 andere
1127 1526 1225 1581 teblen.

805 1690 879 1769 Vll.

242 1813 313 1887 lddl,
341 1814 374 1872 ll.
387 1814 546 1875 November.
561 1846 594 1856 —
608 1814 727 1870 Meister
752 1813 899 1877 Bertltold,
929 1813 1049 1868 Richter
1076 1831 1132 1869 von
1159 1813 1451 1877 trono-Nemeam,

242 1904 418 1960 beurltundct
442 1904 489 1959 die
512 1904 616 1959 Rccbte
633 1904 693 1960 und
712 1903 892 1965 Freibciten,
916 1902 1018 1957 welche
1041 1902 1095 1957 der
1119 1902 1203 1958 Abtei
1227 1902 1449 1972 Heiliqenkrena

242 1992 440 2049 ntcksiclltlieb
461 1994 540 2049 ihrer
554 1996 663 2049 Homer
676 2010 713 2047 au
730 1992 1002 2050 Wiencra-Neuatcdt
1015 2008 1069 2048 oon
1082 1990 1137 2047 den
1150 1992 1384 2064 bandeafrtrrtcn,
1413 2008 1445 2046 ao

295 2085 349 2139 soie
365 2086 438 2139 cecla
450 2100 506 2139 oon
520 2084 575 2139 den
589 2084 724 2153 Bctrqern
736 2082 861 2139 derelict
873 2082 1018 2138 cerlicbea
1028 2080 1091 2136 end
1101 2082 1297 2151 πειρατικὰ»
1308 2081 1383 2136 sind,

333 2175 396 2241 Noc
424 2176 572 2259 Magister
596 2176 789 2241 Perbtoldcs
811 2175 895 2239 Ciuis
921 2174 1118 2240 W'oeaaeneis
1139 2179 1213 2238 tunc
1235 2172 1327 2237 luder
1351 2174 1444 2239 Nosse

243 2285 396 2357 eludatis,
418 2304 485 2347 cum
502 2283 704 2347 uniuersitate
718 2284 829 2347 ciuium
843 2282 957 2347 ibidem
973 2286 1187 2364 protestamur.
1205 2300 1241 2344 ac
1257 2284 1442 2365 pronuncia-

243 2410 308 2454 mus
324 2397 432 2455 tenore
455 2391 648 2473 presencium
667 2390 844 2463 Uniuersis,
873 2388 954 2473 quod
975 2390 1081 2454 domm
1101 2396 1215 2455 smcte
1234 2389 1342 2455 amerb
1362 2389 1445 2474 apud

244 2518 298 2562 nos
314 2498 387 2570 sita,
415 2498 495 2561 sicut
516 2497 575 2561 iam
601 2516 685 2561 muro
710 2497 864 2577 cingitur,
893 2497 1000 2560 eadem
1026 2496 1166 2561 libertate
1187 2496 1323 2579 gaudere
1338 2496 1445 2568 debet.

242 2624 331 2688 quam
355 2606 439 2667 curia
455 2602 586 2689 predicti
607 2604 782 2669 monasterii
802 2606 931 2669 Woenne
950 2624 1030 2669 nunc
1050 2605 1190 2689 possidet
1210 2610 1241 2667 et
1261 2604 1300 2668 ab
1320 2605 1446 2687 antiquo

243 2711 411 2775 dinoscitur
427 2711 620 2795 possedisse;
649 2712 690 2775 ita
706 2712 786 2795 quod
802 2713 833 2777 in
848 2710 943 2777 rebus
957 2714 1055 2795 ipsius
1071 2711 1244 2776 monasterii
1260 2710 1299 2775 od
1315 2710 1444 2775 eandem

243 2819 362 2881 domum
386 2817 573 2882 deducendis
597 2817 769 2902 ibidemque
791 2818 957 2883 vendendis
981 2819 1075 2883 abbas
1099 2826 1131 2883 et
1146 2822 1313 2883 conuentus
1328 2820 1442 2902 prelati

243 2926 416 2989 monasterii
433 2925 547 2989 anullo
565 2945 690 3010 prorsus
708 2926 828 3008 possint
842 2926 892 2990 uel
910 2925 1040 2990 debeant
1055 2927 1206 3011 impediri,
1223 2928 1279 2991 sed
1296 2925 1334 2990 ab
1351 2946 1444 2991 erae·

244 3034 326 3097 tione
335 3031 469 3116 qualibet
477 3037 656 3107 steurarurn,
669 3034 888 3104 theloneorum,
901 3033 949 3097 nel
958 3040 1107 3100 motorum
1118 3036 1218 3117 ipsum
1225 3034 1443 3099 monasterium

244 3142 365 3222 penitus
378 3141 418 3204 sit
429 3146 597 3225 exemptum
611 3141 691 3205 iuxta
703 3140 785 3225 quod
796 3140 828 3203 in
838 3140 1007 3224 privilegiis
1015 3147 1047 3205 et
1057 3140 1272 3205 emunitatibus
1283 3142 1445 3226 sepedicto

246 3250 431 3311 monasterio
446 3250 635 3331 perillustres
651 3249 753 3312 Duces
768 3248 898 3313 dustria
918 3249 1075 3313 omeeesis
1090 3268 1151 3312 non
1166 3250 1259 3322 rasis,
1287 3270 1347 3313 non
1368 3250 1444 3313 abo-

245 3355 322 3427 litio,
354 3375 454 3439 neque
477 3354 576 3439 aliqua
593 3356 641 3419 sui
656 3360 743 3439 parte
759 3356 871 3419 vitiatis
886 3353 977 3439 plane
992 3360 1024 3419 et
1038 3374 1185 3439 expresse
1201 3356 1327 3422 uidimus
1344 3360 1445 3422 conti·

246 3462 321 3525 neri.
347 3462 421 3544 Quia
438 3483 511 3527 vero
529 3463 568 3527 de
582 3463 651 3525 vino
664 3464 701 3527 ad
717 3462 906 3546 sepedictam
923 3463 1042 3527 domum
1059 3463 1238 3529 deducendo
1253 3465 1333 3528 inber
1348 3484 1447 3529 vene-

245 3568 370 3633 rabilem
386 3568 523 3633 abbatem
539 3578 651 3636 nonme
667 3571 772 3635 crucia
789 3577 821 3635 et
836 3590 891 3634 nos
909 3571 1053 3655 specialis
1069 3572 1187 3655 questio
1204 3571 1392 3645 vertebatur,
1415 3574 1446 3635 in

244 3676 303 3741 hcc
318 3676 439 3741 tandem
457 3678 669 3750 conueoimus,
697 3676 778 3761 quod
795 3676 889 3741 saluis
906 3679 973 3742 aliis
989 3678 1182 3743 libertatibus
1198 3698 1236 3742 ex
1250 3680 1345 3743 totino
1362 3699 1447 3743 conr·

108 3816 111 3823 ⁴
244 3784 398 3849 munitatis
416 3784 606 3871 beneplacito
624 3790 655 3849 et
676 3804 828 3849 consensu
843 3788 930 3849 annis
946 3787 1092 3870 siugulis,
1118 3784 1237 3870 quando
1260 3786 1339 3870 ipsis
1360 3787 1449 3851 ride·

246 3891 329 3955 bitur
345 3891 501 3975 expedire,
527 3898 557 3956 et
576 3894 683 3975 quouis
699 3898 838 3976 ternpore
853 3896 933 3957 anni.
950 3894 988 3958 xl.
1007 3899 1143 3960 carrotm
1160 3896 1221 3959 rini
1237 3900 1344 3957 nostre
1359 3915 1448 3959 men·

245 4018 317 4064 sure
349 3998 551 4083 deportabunt
579 3999 693 4084 absque
726 4001 967 4065 contradictione
993 4002 1129 4085 qualibet
1149 4001 1199 4066 uel
1228 4002 1387 4067 obstaculo
1414 4004 1447 4066 in

245 4108 369 4171 ciuitate
386 4107 561 4171 vendendas
589 4108 756 4172 secundum
781 4128 954 4173 mensuram
970 4111 1079 4173 ciuium
1102 4109 1260 4174 ueletiam
1283 4112 1450 4193 propinan-

246 4214 310 4279 das.
327 4214 482 4279 Adicimus
498 4220 649 4298 preterea,
667 4216 748 4299 qnod
764 4218 791 4280 si
807 4216 966 4300 predictus
980 4216 1074 4281 abbas
1085 4222 1118 4281 et
1129 4222 1297 4282 conuentus
1313 4217 1449 4301 aliquem

244 4322 282 4385 de
298 4320 443 4386 fratribus
456 4325 519 4387 suis
531 4324 581 4388 uel
593 4327 682 4387 ctiam
696 4324 814 4408 laycum
830 4324 869 4387 de
885 4325 1008 4408 propria
1025 4324 1136 4389 inmitia
1152 4326 1182 4387 in
1198 4325 1339 4409 predicta
1354 4325 1449 4391 domo

243 4430 394 4493 voluerint
406 4430 567 4503 collocare,
584 4431 673 4494 iidem
691 4429 728 4495 ab
745 4433 825 4495 omni
842 4433 1010 4504 exactione,
1027 4453 1216 4518 quormque
1232 4436 1355 4496 nomine
1371 4454 1448 4497 cen·

244 4542 356 4609 ceatur,
385 4538 473 4605 llberi
489 4540 551 4604 sint
566 4540 685 4623 penitus
708 4546 739 4604 et
754 4540 898 4623 exempti.
940 4540 974 4604 Si
1005 4561 1077 4606 vero
1108 4542 1237 4625 aliquem
1269 4539 1310 4604 de
1331 4542 1448 4606 nostrie
