3059 5067
1198 382 1248 455 55

50 550 157 615 barum
174 550 257 616 serie
268 549 405 614 volumus
417 552 588 635 peruenire,
604 550 683 636 quod
700 554 745 615 vir
757 551 926 635 Religiosns
943 552 1134 622 1111110111,
1152 549 1253 614 bbbas

52 659 233 725 blonasterii
248 665 361 725 sancte
377 659 487 724 011ιοί1
503 658 616 723 ordinis
632 659 857 745 Cysterciensis
874 658 912 722 de
928 646 1070 731 1111111,
1093 658 1253 723 Patauien-

51 770 95 833 sis
112 768 266 852 dyocesis,
283 766 368 831 nobis
385 766 514 833 dilectus
530 771 561 830 et
578 766 676 831 tidelis
694 766 729 830 ad
747 772 880 832 nostram
897 766 1046 831 accedens
1063 768 1252 850 presenciam

51 876 191 941 exhibuit
206 875 293 939 nobis
317 874 432 939 litteras
449 879 568 939 nostras
593 880 732 961 patentes
754 896 848 959 super
869 874 1036 941 collacione
1059 874 1253 960 quarumdam

48 990 203 1049 terrarum
222 984 415 1072 Vogelndors
431 989 461 1048 et
476 985 650 1069 Potecdorf
664 985 880 1048 nominatarum
908 1004 964 1068 per
990 1004 1045 1048 nos
1073 982 1154 1047 lacta
1177 1004 1254 1048 con-

48 1094 161 1167 tectas,
178 1091 443 1178 repromissionem
459 1096 591 1157 nostram
609 1093 778 1157 huiusmodi
795 1092 996 1165 continentes,
1015 1096 1045 1156 vt
1062 1112 1129 1157 cum
1147 1091 1253 1155 eedem
1295 1090 1301 1096 ’

48 1204 155 1267 littere
183 1201 270 1266 nobis
287 1200 394 1264 fierent
418 1204 588 1285 reportate,
619 1205 752 1265 nostrum
778 1200 971 1285 priuilegium
994 1220 1088 1283 super
1111 1201 1170 1266 hoc
1187 1200 1253 1264 dari

48 1312 243 1382 faceremus3
279 1308 391 1373 Potens
408 1330 424 1373 a
440 1308 527 1373 nobis
555 1330 621 1374 cum
650 1310 815 1383 instancia,
850 1313 880 1372 vt
902 1309 1023 1373 easdem
1048 1308 1163 1372 litteras
1180 1310 1255 1373 rati·

47 1418 159 1491 ficare,
188 1425 219 1482 et
240 1419 271 1480 in
292 1418 418 1481 formam
440 1418 593 1501 priuilegii
613 1418 707 1483 nostri
723 1416 824 1499 redigi
847 1416 1024 1481 laceremus.
1061 1416 1152 1482 Cuius
1167 1423 1256 1481 tenor

45 1528 124 1591 talis
142 1532 199 1590 est.
241 1524 349 1613 (Folgt
376 1526 426 1590 die
450 1526 482 1589 S.
512 1524 572 1599 50,
599 1525 651 1591 Nr.
669 1524 735 1590 LVl
759 1524 965 1608 abgedruclrte
996 1524 1156 1599 Urkuude,
1185 1524 1255 1589 ddo.

49 1636 108 1700 30.
128 1632 313 1719 September
338 1633 455 1721 1317.)
502 1634 563 1699 Nos
588 1635 682 1717 igitur
702 1634 951 1705 considerantes,
980 1633 1058 1718 quod
1074 1635 1153 1700 sicut
1169 1634 1254 1715 regie

48 1742 231 1809 serenitatis
254 1742 378 1826 prouida
406 1742 636 1826 circumspectio
669 1742 716 1827 pia
743 1742 912 1825 largicione
942 1762 1042 1806 rerum
1070 1747 1255 1806 terrenarum

48 1872 130 1935 erga
148 1850 295 1917 ecclesias
312 1849 360 1914 dei
378 1871 411 1914 se
429 1849 519 1915 debet
534 1850 705 1915 munificum
723 1849 886 1924 exhibere,
913 1851 954 1915 ita
974 1852 1091 1934 pariter
1106 1850 1143 1914 ad
1160 1850 1255 1915 colla-

48 1968 154 2025 torum
171 1960 437 2024 oonseruaoionem
454 1963 588 2034 tenetur,
617 1979 676 2023 non
698 1960 798 2043 inpari
827 1959 1036 2024 sollicitudinis
1060 1959 1159 2023 studio
1176 1959 1256 2022 inui-

46 2069 162 2152 gilare,
185 2072 217 2131 vt
244 2071 290 2141 et,
314 2089 372 2153 que
390 2067 566 2142 contulerit,
594 2067 684 2133 iaciat
711 2066 839 2151 pacifice
862 2067 1030 2151 possideri,
1060 2072 1091 2131 et
1112 2067 1257 2153 quidquid

43 2174 217 2240 salubriter
230 2175 423 2260 disposuerit,
435 2196 489 2240 sue
502 2176 685 2240 auctoritatis
699 2175 870 2240 interuentu
884 2176 1093 2240 inconcussum
1106 2176 1134 2239 ei
1145 2174 1257 2239 tribuat

45 2284 288 2357 firmamentum,
314 2283 515 2368 peticionibus
541 2282 613 2348 dicti
639 2283 751 2347 domini
768 2280 890 2347 sonatis
905 2284 1001 2365 Regio
1028 2282 1164 2347 inclinati
1188 2302 1254 2346 com

47 2394 175 2467 lavore,
210 2392 363 2477 predictas
391 2392 507 2455 litteras
538 2396 656 2456 nostras
683 2394 823 2475 patentes
853 2396 932 2455 ratas
961 2389 1108 2456 babentes
1139 2396 1171 2455 et
1201 2411 1257 2475 per

47 2500 154 2567 omnia
169 2500 370 2585 approbatas,
393 2499 432 2564 de
454 2498 545 2565 rerbo
567 2500 605 2563 ad
628 2499 752 2563 verbum
774 2499 965 2583 presentibus
981 2498 1162 2564 transscribi
1180 2504 1211 2564 ct
1225 2500 1256 2561 in

49 2610 185 2674 formam
203 2608 343 2692 pruilegii
360 2609 454 2674 nostri
471 2608 641 2674 uberiorem
663 2608 701 2671 ad
717 2608 863 2672 cautelam
880 2607 979 2691 redigi
995 2609 1154 2682 faciendo,
1182 2628 1255 2693 prc-

49 2717 210 2784 dictarum
233 2722 380 2782 terrarum
403 2718 597 2782 collacioncm
625 2717 722 2797 Regie
751 2718 924 2799 magestatis
951 2717 1129 2781 auctoritate
1146 2712 1257 2780 confir·

49 2846 173 2891 mamus
197 2832 227 2890 et
243 2827 394 2911 presentis
412 2826 517 2910 scripti
533 2825 703 2909 patrocinio
720 2825 946 2890 communimus.
978 2824 1011 2887 ln
1027 2825 1113 2890 cuius
1129 2825 1175 2887 rei
1191 2842 1258 2885 me·

50 2936 182 3001 moriam
211 2934 442 3019 firmitatemque
476 2937 653 3018 perpetuam
690 2938 854 3018 presentes
889 2934 1096 2998 concessimus
1130 2932 1255 3004 litteras,

49 3043 208 3129 dupplicis
236 3041 328 3125 sigilli
349 3043 445 3106 nostri
473 3041 636 3104 munimine
657 3040 829 3105 roboratas.
869 3042 976 3105 Datum
1005 3062 1061 3126 per
1076 3060 1179 3104 manus
1196 3039 1260 3103 dis·

48 3152 134 3218 creti
151 3154 207 3215 riri
223 3150 358 3234 magistri
374 3148 532 3215 Jobaam's
547 3148 687 3213 albensis
714 3147 848 3213 ecclesie
871 3150 1029 3234 prepositi,
1062 3150 1136 3213 Aule
1152 3150 1256 3212 nostre

48 3259 288 3324 vicecancellari
306 3263 338 3323 et
358 3258 563 3323 archidiaconi
587 3255 624 3321 de
646 3258 822 3335 liudonem,
852 3256 954 3322 dilecti
977 3263 1008 3322 et
1031 3258 1128 3323 tidelis
1150 3256 1257 3320 nostri.

49 3372 142 3433 Anno
159 3367 270 3431 domini
286 3368 340 3431 ll0.
354 3364 453 3431 000⁰.
473 3365 590 3430 decimo
603 3364 718 3431 Octauo
734 3366 814 3431 riiit.
827 3365 978 3430 Kalendas
991 3365 1144 3439 Octobris,
1161 3365 1257 3447 Regni

51 3482 159 3542 autem
176 3476 272 3540 nostri
289 3494 366 3540 anno
383 3474 522 3539 simililer
538 3474 656 3539 decimo
673 3477 792 3539 octauo.

130 3618 250 3689 Original
263 3618 312 3674 111
323 3618 482 3690 Pergameni
495 3616 542 3673 mit
554 3616 630 3690 (dem
645 3616 764 3689 ultorem)
780 3617 877 3687 Siegel.

614 3798 705 3877 LXI.

51 3944 126 4017 1810,
138 3943 184 4003 29.
197 3943 365 4017 September.
377 3975 410 3983 —
421 3944 481 3997 Das
493 3942 672 4013 Donrcopitcl
684 3958 738 3997 uon
751 3940 832 3997 11111
842 3939 1028 3997 transsumirt
1041 3942 1101 4014 uus
1107 3942 1256 3997 Annonem

51 4040 109 4093 der
142 4035 225 4091 Abtea'
255 4034 476 4104 Heiligcnlrrcuz
497 4032 543 4088 dio
568 4030 920 4100 Sobenltrmpa-Urlsundc
951 4032 1045 4101 Korrip
1079 4032 1175 4088 Korl'a
1202 4049 1257 4087 111

208 4124 326 4196 Unger-n
336 4124 406 4179 siber
418 4123 470 4179 dos
484 4124 542 4181 out
553 4122 679 4187 Zceoun,
693 4120 756 4177 ddo.
772 4120 824 4177 16.
836 4120 1001 4194 September
1015 4122 1113 4179 1318.

151 4252 319 4338 Capitulum
334 4252 538 4319 lacrimosis
562 4252 696 4317 ecclesie
718 4250 865 4315 Omnibus
887 4248 996 4314 christi
1019 4237 1160 4313 lidelibus
1183 4268 1257 4333 pre·

55 4366 164 4431 sentes
192 4361 310 4426 litteras
331 4361 514 4445 inspecturis
536 4359 665 4423 salutem
688 4358 718 4421 in
734 4358 854 4423 domino
871 4360 1094 4443 sempiternam.
1128 4358 1173 4421 Ad
1190 4358 1258 4421 vni·

55 4464 218 4539 uersurum
235 4468 369 4534 notitiam
390 4470 494 4533 barum
517 4468 599 4530 serie
615 4465 751 4532 uolumus
766 4469 948 4551 peruenire,
976 4466 1063 4549 Quod
1087 4465 1258 4548 Religiosus

54 4586 102 4647 rir
127 4580 226 4645 trater
244 4578 446 4652 Christonus,
469 4574 585 4640 ordinis
603 4572 823 4659 cysterciensis
848 4576 887 4641 de
910 4576 1065 4641 Conuentu
1082 4573 1259 4638 llooasterii
