3059 5067
264 344 343 418 246

262 541 365 586 eorum
380 522 411 584 io
428 518 691 604 possessionibus,
714 515 859 582 videlieet
875 513 1053 584 hennei,
1070 507 1300 597 amoenos,
1318 504 1467 576 ΚΜ

264 630 376 715 Wyltic
403 634 434 694 et
457 629 633 694 Tordasaec
654 628 792 698 vocatis,
820 627 850 690 in
875 624 1019 688 comitatu
1033 619 1227 686 Moeociensi
1249 613 1467 688 existentibus,

261 737 450 808 habitarum,
480 757 561 801 nuuc
582 756 639 821 per
662 756 768 800 cunnus
790 734 906 800 alienas
921 733 1102 815 occupatiue
1117 728 1339 797 existenciunr,
1368 724 1467 788 taliter

262 844 499 910 concordassent
509 851 542 909 et
550 843 771 910 concordarent
783 861 885 908 cerain
899 841 998 912 nobis,
1014 843 1053 913 st,
1071 837 1306 923 quiopredictus
1318 833 1468 915 magister

260 954 425 1020 Jobenacs
447 954 570 1018 easdem
590 953 851 1038 posmaionarlae
872 951 1033 1036 porciones
1050 947 1087 1014 ab
1104 947 1181 1032 ipsis
1199 942 1340 1010 manibus
1357 940 1468 1006 alienis

263 1063 395 1148 propriis
409 1061 565 1127 laboribus
582 1067 614 1125 et
630 1062 772 1143 expensis
789 1062 964 1146 requirere,
993 1065 1024 1122 et
1040 1058 1215 1141 reoptinere
1229 1073 1269 1117 ee
1285 1053 1379 1117 eliano
1396 1069 1468 1134 pre·

262 1171 361 1236 dictos
377 1171 546 1236 Nicolaum
567 1175 600 1234 et
614 1169 817 1236 Dominicam
834 1188 924 1252 super
942 1165 1080 1232 omnihus
1095 1163 1216 1230 iudiciis
1233 1167 1267 1228 ct
1281 1159 1467 1226 indiciorum
1529 1230 1530 1257 ¹

262 1278 498 1362 gnuaminibns,
514 1281 542 1342 si
557 1278 588 1342 in
604 1277 772 1363 aliquibus,
789 1279 819 1340 in
836 1277 1021 1342 eracucioue
1038 1292 1139 1338 earnm
1156 1271 1376 1358 premiserimus
1394 1287 1469 1352 por·
1529 1348 1530 1359 ἵ

263 1387 399 1460 cionurn,
423 1385 503 1472 qued
519 1385 613 1463 absit,
630 1391 849 1468 agrauerentur
867 1391 897 1448 et
914 1386 1166 1448 convincerentur
1182 1379 1270 1447 morlo
1289 1375 1384 1442 simili
1401 1396 1467 1439 eun
1529 1470 1530 1473 Ἴ

262 1495 327 1560 auis
350 1495 442 1560 rebus
465 1500 498 1560 et
519 1492 676 1559 laboribus
698 1495 841 1578 expedire
865 1493 1043 1576 assumpsit,
1066 1490 1137 1556 ideo
1161 1491 1188 1554 si
1209 1489 1290 1552 inem
1319 1487 1467 1569 magister

262 1603 522 1687 Johomoaaipsas
534 1603 795 1686 possessiousrias
812 1604 973 1684 porciones
987 1602 1017 1665 io
1034 1607 1108 1675 toto,
1125 1597 1174 1664 nel
1191 1597 1324 1681 eliquans
1337 1601 1466 1677 partein.
1529 1590 1530 1607 ¹

262 1731 317 1774 seu
348 1711 525 1794 particulam
558 1711 721 1776 eorundem
753 1711 864 1796 quouis
893 1709 999 1782 niolo,
1034 1709 1101 1774 siue
1129 1727 1183 1792 per
1210 1705 1335 1770 modum
1369 1703 1468 1786 pacis,

265 1818 331 1884 siue
368 1840 424 1904 per
453 1820 579 1884 torruern
618 1819 680 1884 litis
718 1819 844 1884 materie
881 1818 1052 1884 reinvenire
1095 1821 1126 1880 et
1168 1814 1311 1898 optinere
1347 1810 1469 1896 poterit
1529 1830 1530 1833 ’

263 1933 373 1992 extunc
403 1927 526 1993 easdem
553 1929 630 1994 (lictl
659 1929 806 2010 magister
837 1928 1002 1995 Johonnee
1033 1947 1050 1990 a
1082 1926 1161 1988 testo
1193 1921 1274 1988 beati
1308 1917 1469 1986 Michaelis

264 2035 440 2117 archangeli
456 2037 591 2121 proximo
613 2045 757 2110 reaturo,
785 2057 879 2123 osque
906 2037 943 2102 sd
971 2037 1105 2120 quintam
1132 2032 1269 2098 eiusdem
1286 2030 1362 2094 testi
1380 2047 1468 2092 reuo-

263 2145 428 2217 lucionero,
455 2145 575 2212 scilicet
600 2147 637 2211 acl
662 2147 799 2231 spacioni
829 2151 959 2230 quotuor
981 2163 1124 2210 annorum
1157 2143 1350 2222 integrorum
1368 2134 1469 2219 poesi·
1529 2178 1530 2195 ,

264 2251 371 2324 tendi,
413 2254 536 2319 tenendi
566 2259 599 2321 et
628 2253 846 2328 consaroondi,
884 2255 1088 2340 utilitatesque
1120 2248 1283 2316 earundem
1318 2243 1469 2331 quaslibet

263 2380 319 2444 pro
334 2381 370 2426 ee
393 2361 599 2446 percipiendi,
624 2361 673 2428 uel
690 2364 780 2428 etiem
797 2361 1038 2448 quibuscunque
1061 2361 1189 2424 voluerit
1214 2377 1315 2442 usque
1332 2351 1470 2438 eomple-

265 2469 383 2533 cionem
399 2469 604 2552 predictorum
624 2476 754 2557 quatuor
779 2491 923 2538 annorum
946 2473 1134 2556 integrorum
1158 2466 1281 2553 pignori
1299 2461 1469 2546 obligandi.

266 2576 385 2662 plenam
401 2576 526 2641 hebebit
542 2577 732 2655 facultatem,
747 2580 803 2644 sed
821 2579 979 2664 completis
997 2579 1073 2666 ipsis
1089 2583 1217 2665 quatuor
1233 2576 1321 2638 annis
1341 2570 1470 2653 integris

265 2685 296 2749 in
314 2685 449 2769 predicta
474 2686 670 2752 reuolucione
697 2690 816 2753 annuali
839 2689 909 2754 sesti
934 2690 1083 2773 prenotati
1109 2685 1232 2750 eosdem
1261 2683 1301 2748 ab
1328 2677 1470 2745 omnihus
1529 2766 1530 2773 ἵ

265 2793 502 2876 pronominibus,
519 2796 549 2858 in
566 2795 674 2880 quibua
690 2817 746 2880 per
761 2797 890 2862 eundem
907 2797 1082 2879 magistrum
1094 2795 1274 2862 Jotnusem
1291 2810 1394 2876 usque
1410 2797 1471 2852 ter·

266 2901 376 2965 roinunr
393 2901 536 2985 prefixum
553 2904 660 2968 eedem
671 2905 912 2990 possessionerie
928 2905 1089 2989 porciones
1106 2905 1247 2984 ograuari
1261 2901 1471 2964 dinosceren-

264 3014 324 3082 tor,
339 3009 484 3094 expedire
500 3016 532 3075 et
547 3011 735 3089 deliberare,
752 3035 788 3080 oc
804 3015 887 3102 ipsas
904 3033 1005 3078 corarn
1023 3017 1125 3076 nostro
1141 3009 1316 3075 testimonio
1336 3029 1396 3092 per
1414 3026 1470 3070 nos

265 3117 302 3183 ad
318 3117 349 3182 id
366 3117 536 3204 deputando
552 3139 619 3185 eum
638 3123 818 3206 prescriptls
834 3121 968 3190 Iliooleo
985 3127 1016 3186 et
1030 3121 1213 3191 Dominico,
1240 3115 1391 3182 frutribus
1406 3113 1472 3179 suis

266 3225 446 3303 diuidendo,
462 3229 625 3313 porciones
641 3229 774 3314 ipsorum
791 3230 905 3296 eisdem
923 3232 960 3297 de
978 3231 1052 3315 ipsis
1070 3227 1322 3315 possessionnriis
1340 3227 1471 3309 peroio-

266 3336 354 3400 nibus
371 3337 530 3402 extrudere
545 3337 708 3403 tenebitur.
731 3339 766 3404 Si
791 3359 863 3404 sero
884 3341 916 3404 id
932 3340 1036 3405 locere
1059 3337 1203 3410 noluerit,
1233 3334 1280 3400 rel
1299 3355 1360 3399 oon
1380 3339 1470 3418 potu-

265 3445 340 3518 erit,
368 3451 497 3510 extunc
520 3464 617 3532 usque
638 3447 707 3510 lum
729 3451 890 3534 porciones
912 3447 1075 3514 eorundem
1091 3448 1222 3513 Nicolus'
1243 3453 1274 3510 et
1301 3443 1472 3510 Domisieu'

266 3554 383 3619 eisdem
400 3552 497 3618 libere
511 3554 668 3619 remiserit
683 3563 715 3620 et
729 3558 949 3640 resignauerit,
966 3560 1033 3642 ipse
1050 3559 1194 3640 magister
1211 3555 1380 3623 Jobormeo
1396 3573 1471 3618 eos·

266 3663 333 3727 (leon
350 3661 465 3726 citandi
480 3683 541 3727 non
554 3663 679 3728 hebebit
702 3663 884 3729 facultatem.
916 3665 1061 3730 Preterea
1087 3664 1203 3728 littores
1219 3665 1356 3748 ipsorum
1374 3681 1470 3745 super

265 3771 342 3856 lpsie
358 3771 552 3856 porcionibus
568 3773 821 3857 possessionoriis
847 3773 1004 3838 coniectas
1020 3779 1052 3836 et
1068 3779 1235 3846 emanatas,
1260 3771 1310 3837 uel
1334 3771 1467 3835 emansri

266 3878 422 3944 debendae
443 3880 474 3943 io
497 3881 646 3944 communi
673 3881 741 3946 loco
769 3887 801 3946 et
829 3883 1056 3947 conseruatorio
1084 3889 1192 3946 tenere
1219 3889 1250 3946 et
1278 3901 1466 3946 conseruare

266 3985 429 4052 debebunt.
469 3987 554 4055 Sicut
585 3990 682 4054 omnio
714 3994 746 4054 et
777 3991 909 4074 singula.
928 3992 1145 4076 premissorum
1172 4011 1229 4076 per
1260 3998 1366 4075 portes
1396 4009 1466 4074 pre·

266 4096 397 4180 scriptae
429 4096 528 4162 extitit
557 4095 726 4162 ordinatum
759 4105 791 4163 et
819 4101 986 4165 voluntarie
1020 4104 1203 4184 assumptum
1235 4119 1338 4164 coram
1368 4099 1463 4163 nobis.

266 4205 372 4270 Datum
396 4205 473 4270 feria
497 4207 630 4272 secunda
648 4209 781 4291 proxima
800 4215 869 4274 ante
888 4210 997 4274 testum
1017 4209 1096 4274 besti
1114 4207 1272 4274 Michaelis
1288 4207 1463 4292 archangeli

265 4314 469 4398 prescriptum
485 4335 563 4379 anno
580 4314 692 4380 domini
709 4316 762 4381 lto.
780 4315 871 4382 000⁰
886 4319 944 4382 11⁸⁰
961 4323 1080 4384 octauo.

356 4421 420 4485 Noa
445 4423 538 4505 igitur
564 4423 701 4488 eiusdem
724 4425 885 4492 ,lobannis
908 4428 1091 4510 peticionem
1119 4427 1372 4500 considerantes,
1399 4429 1460 4492 lore

265 4531 373 4594 iustam
395 4533 518 4597 easdem
535 4531 652 4598 litteras
668 4534 793 4620 capituli
810 4537 958 4609 annotati,
975 4537 1031 4602 sub
1048 4540 1151 4600 nostro
1167 4535 1268 4620 siffl'llo
1285 4538 1459 4603 tmuescrihi
