3059 5067
1175 393 1249 466 211

39 567 189 633 redditus
205 573 237 634 et
253 573 418 653 prouentus
435 570 464 634 in
482 569 623 654 proprios
640 591 712 635 rsus
729 571 928 641 conuertere,
956 589 1107 634 consensu
1129 567 1254 634 alterins

41 678 269 764 eninsenrnque
281 680 403 743 minime
414 681 563 766 requisito
569 701 579 753 ;
596 678 733 752 Pronieo,
749 679 829 766 qnod
844 679 981 764 predicta
998 679 1132 744 ecelesia
1149 679 1253 745 Sauoti

39 785 182 868 Georgii
210 787 321 854 debitis
343 789 498 875 obsequiis
525 810 582 853 uon
599 789 778 861 fraudetur,
803 789 860 854 sed
887 788 1000 856 faeiaot
1022 788 1134 854 ibidem
1163 793 1254 874 prout

45 907 235 987 oportunum
251 898 387 963 extiterit
402 903 432 962 et
448 901 497 962 est
511 898 585 962 atias
601 897 669 962 tieri
684 902 879 971 consuetum,
896 899 1046 964 deseruiri
1062 898 1254 964 laudabiliter

42 1012 74 1077 in
97 1011 229 1076 diuisus.
269 1007 379 1074 Datum
402 1007 479 1092 apud
498 1009 662 1073 Wsennom
678 1007 866 1072 Patauiensis
889 1007 1022 1072 dionesie
1044 1006 1252 1090 ij⁰.knteur1eu

41 1121 120 1186 Jntii
136 1119 341 1183 Pontificatns
357 1115 469 1203 domini
485 1115 650 1182 clementis
666 1137 745 1202 pape
761 1118 808 1182 vl.
827 1136 903 1181 anno
920 1116 1047 1182 Octauo.

117 1264 244 1337 Originel
256 1264 305 1319 aut
314 1264 472 1334 Pergament
483 1262 531 1316 mit
542 1261 641 1334 Siepet.

43 1642 181 1714 ΝΗ.
203 1642 364 1714 bow-bc,
388 1639 463 1700 bon.
476 1670 513 1682 -—
531 1640 798 1710 hedone-Balio
817 1640 964 1696 mebrerer
982 1639 1113 1712 Bisebbfe
1130 1640 1183 1712 sair
1204 1639 1252 1696 ris

400 1733 510 1790 Kirebe
520 1732 574 1788 der
586 1731 669 1788 Abtes’
679 1732 906 1803 Heitipeokreoa.

137 1861 301 1927 Uuiuersis
334 1866 365 1926 et
397 1861 534 1950 singuiis⁴
554 1867 714 1945 presentes
749 1861 868 1926 litteras
902 1863 1088 1946 inspecturis
1115 1861 1251 1928 Pontius

44 1971 252 2035 miseraeione
276 1969 375 2034 diuina
397 1970 564 2053 episeopus
584 1969 794 2037 Uroieesanos
817 1989 852 2036 no
880 1971 911 2034 iu
938 1969 1014 2035 alma
1038 1969 1113 2034 vrbe
1137 1968 1250 2033 domini

45 2099 126 2163 pape
156 2081 313 2155 vicarius,
339 2080 478 2145 ‚lacobus
505 2080 668 2164 episeopus
693 2079 904 2166 Nepessinom
932 2079 1040 2143 Frater
1066 2079 1250 2165 Stephanos

46 2186 216 2272 episeopus
226 2189 436 2261 Tonsorem,
449 2187 603 2252 Nicotaus
614 2187 779 2271 episeopus
790 2187 930 2253 Ostanes
941 2191 972 2250 et
984 2187 1250 2253 traterJobormee

43 2298 214 2384 episeopus
225 2297 504 2383 Boloeorepienss'a
518 2296 646 2361 satutem
662 2296 691 2360 in
704 2295 824 2361 domino
838 2297 1063 2380 sempiternam.
1091 2296 1248 2379 Quoniam,

45 2409 78 2470 nt
92 2407 135 2471 ait
151 2405 327 2490 apostotus,
343 2425 447 2475 omnes
466 2406 614 2472 stabimus
630 2410 702 2472 ante
713 2405 844 2474 tribunal
857 2405 965 2472 eluisti
975 2407 1141 2492 recepturi,
1157 2412 1249 2491 prout

43 2516 74 2578 iu
95 2535 233 2601 eorpore
259 2517 413 2598 gessimus
435 2517 502 2580 siue
524 2515 635 2582 bounsn
656 2516 767 2589 suerit,
799 2517 865 2580 siue
895 2516 1018 2590 matum.
1047 2519 1168 2602 oportet
1192 2535 1248 2580 nos

44 2623 124 2688 diens
139 2625 304 2690 messionis
321 2628 455 2689 extreme
467 2625 678 2690 misericordie
690 2623 836 2709 operibus
849 2625 1010 2710 prouenire
1026 2645 1062 2688 ae
1074 2629 1248 2690 eternorum

44 2733 152 2800 intuitu
169 2735 321 2799 seminare
346 2733 377 2798 in
392 2735 500 2808 terris.
529 2733 610 2819 quod
633 2733 791 2800 reddente
813 2733 932 2800 domino
956 2752 1023 2799 omn
1045 2730 1245 2817 multiplicato

44 2841 144 2909 traebn
171 2843 357 2928 reeottigere
384 2844 537 2912 ursone
563 2845 595 2910 iu
628 2845 750 2918 noetis,
781 2843 896 2908 firmam
931 2863 1017 2928 spem
1046 2841 1246 2926 fiduciamque

44 2956 200 3026 tenentes,
233 2951 314 3038 quod
337 2952 389 3036 qni
416 2971 509 3036 pnroe
524 2951 670 3025 seminat.
693 2971 788 3036 poree
809 2959 840 3015 et
860 2953 970 3024 metet.
995 2951 1091 3035 etqui
1116 2948 1246 3014 seminat

43 3060 74 3122 in
96 3059 380 3138 benedictionibus,
410 3058 450 3126 de
479 3059 744 3127 benedictionibus
776 3063 808 3128 et
837 3063 943 3126 mettet
974 3061 1065 3126 vitam
1096 3063 1242 3128 eternam.

46 3168 117 3232 bum
147 3169 308 3252 igiturex
335 3172 424 3254 parte
451 3165 556 3234 dilecti
582 3167 636 3233 titii
663 3169 782 3234 Fratris
809 3169 920 3257 Aplina'
945 3167 985 3234 do
1012 3167 1135 3252 proprio
1165 3185 1243 3232 nouo

44 3278 181 3362 magistri
197 3277 287 3344 esde
299 3275 390 3343 uobis
403 3276 497 3343 tuerit
511 3276 666 3344 humiliter
681 3277 900 3363 supplicatum,
918 3284 950 3343 nt
966 3277 1104 3343 omnibus
1120 3276 1244 3342 venien·

45 3383 121 3452 tibus
150 3386 374 3453 semissium
400 3387 522 3455 Sonete
544 3388 655 3456 Crucis
679 3389 711 3452 iu
738 3388 872 3458 ntuetr-io
899 3388 1034 3456 dioensis
1056 3385 1242 3454 Rabaueusis

46 3492 124 3582 (sie)
149 3495 275 3563 velimus
295 3496 510 3580 indulgentiam
539 3497 675 3571 exibere,
702 3497 766 3562 Nos
789 3520 863 3564 uero
885 3499 924 3563 de
953 3499 1166 3584 omnipotentis
1190 3500 1241 3566 dei

46 3603 247 3672 mbuieordia
269 3625 306 3670 ae
325 3603 482 3672 beatorum
496 3606 579 3672 Petri
603 3610 635 3670 et
650 3606 735 3672 Pauli
758 3609 962 3691 apostolorum
979 3608 1045 3673 eius
1061 3612 1240 3677 auctoritate

46 3713 149 3780 onesi
172 3713 309 3780 omnibus
333 3734 407 3781 vere
428 3713 654 3800 poenitentibus
677 3721 709 3780 et
729 3717 893 3792 eontessis,
918 3719 969 3804 qui
992 3717 1043 3784 nel
1068 3741 1128 3806 que
1149 3741 1240 3805 prae·

45 3818 150 3888 dietam
165 3823 357 3889 risitanerint
378 3823 540 3890 eeclesiam
566 3826 597 3889 in
623 3825 702 3908 ipsis
718 3825 950 3900 seutiuitatibus‚
978 3849 1034 3893 seu
1062 3831 1153 3896 etiam
1175 3831 1238 3896 sot·

47 3925 262 4014 lempnitatibus
273 3933 368 3996 Beate
384 3932 480 3997 tiarie
496 3933 634 4016 virginis,
651 3930 822 4000 Natiuitatis
838 3934 962 4009 domini.
978 3934 1236 4014 circumcisionis,

46 4034 216 4124 bpipbauie,
231 4041 477 4117 ttesureetiouis,
503 4043 703 4116 assensionis,
719 4045 922 4118 Penteonstis.
939 4045 1094 4122 trinitatis,
1111 4047 1237 4114 dedier-

45 4145 128 4214 bonis
139 4149 274 4216 eoeleste
284 4151 398 4216 Sancte
409 4150 528 4226 Crucis,
545 4153 722 4218 Sanctorum
734 4153 923 4237 angelorum,
935 4154 1080 4220 Jobsnnis
1092 4156 1236 4241 Baptista,

46 4250 192 4324 beatorum
208 4259 289 4324 Petri
305 4264 338 4325 et
352 4261 437 4326 Pauli
453 4265 485 4326 et
500 4264 631 4327 oninium
647 4262 851 4346 apostotorum
872 4269 905 4330 et
920 4264 1180 4350 &angelistnriun
1199 4287 1237 4334 ao

47 4372 209 4432 tmetornnu
220 4373 383 4456 martyrum
397 4369 545 4456 Stephani
556 4375 588 4436 et
598 4371 765 4445 Laurentii,
782 4377 954 4442 sanetorum
970 4375 1127 4442 dootorum
1141 4379 1234 4444 Jero-

48 4471 110 4538 nini
133 4482 165 4542 et
192 4476 318 4543 altorum
344 4477 522 4559 doctorum,
551 4480 792 4568 Saeptorumque
815 4484 1023 4552 eoutessnrum
1053 4487 1172 4555 Nicotai
1203 4496 1235 4556 et

49 4576 176 4662 bertini,
208 4605 265 4652 ueo
294 4607 355 4652 non
385 4589 544 4655 Beatarurn
579 4591 673 4657 tiarie
700 4591 900 4675 magdalene,
926 4594 1076 4676 Agnetim
1109 4597 1232 4672 Lusias,

934 4715 987 4770 ti·
