3059 5067
511 1494 641 1572 ·1.

41 1636 216 1698 1212-12111.
238 1639 327 1714 Popst
342 1639 451 1709 Grcpor
464 1638 518 1710 (X.
529 1640 560 1709 i)
579 1640 680 1695 11111111
704 1636 756 1693 dos
774 1634 1002 1693 Nonnmlrloater
1023 1638 1067 1693 st.
1092 1635 1225 1693 Nicolaum

41 1746 79 1786 ss
102 1730 185 1785 Wien
203 1731 236 1786 111
263 1731 361 1787 scium
389 1730 558 1787 bannalem
577 1730 685 1785 8111111
712 1728 773 1783 aad
798 1728 917 1783 cerleilat
940 1728 1094 1785 deroscllen
1111 1730 1224 1799 gemisse

449 1820 630 1878 1111111111
647 1819 817 1877 Frcibeitea.

131 1935 305 2023 Gregorius
326 1936 488 2019 episcopus
516 1954 623 2000 seruus
650 1950 806 1997 seruorum
829 1932 900 2005 Dei,
918 1932 1044 1998 Dilectis
1061 1932 1090 1996 in
1107 1931 1223 1997 christo

43 2042 170 2116 filiabus,
187 2041 340 2109 abbatisse
361 2044 534 2109 monasterii
556 2044 661 2108 Sancti
684 2040 820 2106 Niebolai
841 2042 970 2119 1111111,
994 2044 1120 2128 eiusque
1136 2062 1224 2105 sero·

38 2150 124 2217 ribus
139 2156 200 2216 tam
215 2148 408 2237 presentibus
424 2171 511 2238 quarn
527 2150 635 2215 tutoris
651 2150 821 2235 regularem
838 2151 927 2214 uitam
945 2152 1092 2235 protessis
1109 2151 1138 2213 in
1151 2170 1223 2235 per-

38 2266 173 2345 petuum.
202 2260 383 2344 Religionem
398 2262 488 2324 uitam
515 2256 697 2344 eligentibus
726 2258 921 2343 apostolicum
951 2259 1090 2324 conuenit
1118 2258 1225 2322 edesse

36 2370 219 2455 presidium,
244 2390 281 2433 ne
296 2372 375 2434 torte
390 2368 552 2434 cuiuslibet
565 2369 744 2433 temeritatis
762 2369 917 2443 incursus,
943 2374 992 2432 111
1009 2388 1062 2433 eos
1079 2389 1094 2431 a
1111 2387 1225 2452 propo·

36 2482 96 2545 sito
113 2486 248 2553 reuocet,
266 2486 318 2544 aut
332 2478 434 2552 robur,
452 2479 532 2566 quod
548 2478 636 2553 absit,
654 2498 741 2543 sacre
752 2478 907 2562 religionis
920 2478 1072 2561 infringat.
1090 2476 1226 2562 Baprop-

36 2596 87 2653 ter
111 2587 226 2653 dilecte
251 2590 281 2651 11
306 2588 423 2653 domino
452 2588 515 2653 iilic
542 2590 654 2653 uestris
677 2588 764 2652 iustis
787 2587 1037 2672 postulationibus
1061 2586 1225 2651 clementer

35 2698 196 2761 annuimus
213 2704 245 2760 et
260 2696 408 2779 prelatum
424 2699 637 2761 monasterium
655 2696 759 2761 Sancti
776 2695 899 2780 Nycolai
922 2696 1101 2769 V'reancnse,
1119 2696 1148 2759 in
1166 2714 1223 2780 quo

34 2806 139 2872 diuino
158 2808 233 2870 estis
251 2805 397 2890 obsequio
416 2809 582 2891 mancipate
598 2805 654 2871 sub
670 2805 750 2870 beati
768 2806 849 2871 Petri
872 2812 902 2869 et
918 2811 1018 2870 nostra
1035 2806 1224 2890 protectione

33 2916 219 3000 suscipimus
247 2922 279 2979 et
305 2916 457 2999 presentis
488 2918 593 3000 scripti
620 2914 780 3001 priuilegio
806 2918 1029 2980 communimus.
1065 2916 1096 2979 ln
1120 2916 1224 2999 primis

30 3025 187 3111 siquidem
204 3031 381 3101 statuentes,
398 3031 431 3089 ut
447 3026 520 3091 ordo
536 3027 728 3102 monasticus,
747 3024 797 3110 qui
810 3024 973 3091 secundum
986 3025 1081 3089 Deum
1098 3029 1129 3089 et
1145 3023 1225 3088 beati

29 3133 195 3199 Benedicti
207 3134 339 3218 regulam
354 3142 443 3220 atque
455 3138 667 3200 institutionem
681 3134 913 3199 cisterciensem
930 3134 1054 3198 fratrum
1072 3134 1101 3197 11
1119 3131 1224 3197 eodem

28 3244 217 3308 monasterio
243 3244 396 3308 institutus
424 3264 494 3308 csse
521 3244 697 3316 dinoscitur,
724 3244 878 3328 perpetuis
900 3242 1012 3307 ibidem
1037 3242 1224 3327 temporibus

26 3349 251 3416 inuiolabiliter
279 3350 467 3417 obseruetur.
493 3350 637 3416 Preterea
662 3369 864 3437 quascumque
892 3352 1120 3435 possessiones,
1148 3368 1224 3435 que·

28 3480 168 3546 cumque
191 3461 267 3525 bona
289 3462 368 3527 idem
393 3460 609 3525 blonasterium
632 3462 711 3526 iuste
739 3460 992 3546 inpresentiarum
1021 3480 1056 3524 ac
1079 3460 1225 3525 canonico

28 3568 184 3654 possidet,
201 3571 297 3634 autin
313 3571 444 3634 loturum
460 3571 658 3635 concessione
674 3569 858 3655 pontificum,
874 3570 1033 3654 largitione
1045 3568 1158 3653 Regum
1174 3567 1225 3632 uel

26 3677 215 3761 principum,
232 3676 384 3743 oblatione
398 3678 542 3751 bdelium,
559 3700 613 3743 seu
629 3680 694 3744 aliis
711 3682 797 3743 iustis
815 3678 911 3743 modis
928 3684 1082 3764 prestante
1106 3676 1224 3741 domino

26 3788 152 3871 poterit
168 3786 305 3871 adipisci,
324 3786 407 3851 lirma
425 3788 512 3852 uobis
529 3794 560 3853 et
576 3790 631 3861 eis,
649 3808 707 3874 que
724 3788 810 3853 uobis
827 3790 1041 3859 successerint,
1066 3793 1096 3852 et
1112 3784 1226 3850 illibata

27 3903 244 3982 permaneant.
269 3896 299 3960 ln
322 3896 429 3982 quibus
452 3897 511 3963 bec
531 3898 662 3983 propriis
683 3897 818 3962 duximus
840 3898 1029 3981 exprimenda
1059 3894 1224 3962 uocabulis.

27 4003 153 4069 Locum
169 4006 277 4089 ipsum,
294 4008 324 4069 in
341 4027 401 4093 quo
418 4006 566 4091 prelatum
577 4006 789 4072 blonasterium
808 4008 895 4071 situm
911 4013 973 4078 est,
991 4025 1058 4071 cum
1077 4005 1224 4089 11111111,

26 4112 290 4198 possessionibus,
307 4117 411 4199 pratis,
430 4117 534 4186 vineis,
551 4118 652 4187 terris,
671 4114 854 4189 nemoribus,
872 4116 1021 4198 usuagiis,
1038 4116 1067 4178 in
1085 4113 1178 4179 bosco
1196 4120 1226 4176 et

25 4223 138 4308 plano,
155 4223 184 4285 in
200 4224 286 4309 aquis
303 4230 334 4289 et
350 4224 529 4296 molendino,
548 4227 577 4289 in
597 4274 759 4293 .......
778 4230 809 4288 11
827 4226 943 4290 semitis
959 4230 990 4288 et
1006 4221 1144 4289 omnibus
1160 4222 1226 4287 aliis

24 4332 225 4398 libertatibus
241 4338 272 4398 ot
287 4332 521 4399 immunitatibus
538 4337 610 4400 suis.
638 4335 718 4399 Sane
741 4334 876 4398 laborum
900 4338 1077 4398 uestrorum·
1091 4331 1130 4397 de
1153 4352 1226 4417 pos-

23 4440 226 4507 sessionibus
244 4446 313 4506 aote
330 4442 487 4507 concilium
504 4442 649 4525 generale
671 4463 707 4508 ac
723 4444 811 4508 etiam
829 4442 992 4514 noualium,
1016 4462 1074 4528 que
1092 4442 1225 4525 propriis

23 4549 173 4614 manibus
190 4556 241 4613 ant
257 4570 292 4613 su
310 4600 317 4611 .
336 4600 343 4613 .
363 4600 392 4614 ..
411 4551 518 4624 colitis,
535 4554 604 4616 siue
620 4551 658 4615 de
674 4552 749 4615 ortis
766 4558 797 4615 et
813 4551 953 4634 uirgultis
966 4560 998 4615 et
1009 4548 1224 4634 piscationibus

24 4705 31 4717 .
54 4708 61 4720 .
85 4709 93 4722 .
114 4711 121 4723 .
140 4660 190 4725 111
206 4659 245 4724 de
258 4662 445 4725 nutrimentis
463 4659 629 4725 animalium
649 4666 825 4733 uestrorum,
842 4659 938 4724 nullus
956 4680 972 4721 1
990 4658 1074 4723 uobis
1092 4658 1225 4722 decimas

96 4778 192 4824 sonus.
210 4778 380 4824 11111111.
398 4780 455 4824 rvr.
972 4785 1006 4837 26
