3059 5067
1151 412 1229 484 11117

40 579 221 665 sepefatum,
244 584 317 645 tunc
333 598 392 663 ego
414 575 513 642 debeo
529 576 625 661 ipsios
647 578 749 645 vineas
772 580 854 645 iuxta
875 581 1090 645 necessitatem
1112 598 1227 651 earum,

39 696 120 773 prout
134 692 328 775 oportunitas
344 688 480 753 eiusdem
495 687 641 769 temporis
657 688 795 774 requirit,
820 688 898 755 beae
921 689 1017 754 cultas
1035 696 1066 755 et
1082 690 1232 774 prouisas‚

39 798 104 861 item
119 804 152 860 et
167 797 308 862 dimidias
325 796 459 861 adminos
480 794 632 859 karratam
648 797 725 871 riui,
741 817 892 883 auumque
920 797 1050 863 modium
1078 798 1173 863 tritici
1201 805 1233 862 et

40 928 122 973 unum
138 930 250 981 ausae,
266 908 340 971 ltern
358 911 389 971 et
405 906 503 971 omnia
516 926 647 989 peccora
659 909 819 994 omniaque
831 908 1053 992 suppelectilia‚
1071 908 1161 971 micbi
1177 926 1234 993 per

39 1016 188 1081 dominum
216 1016 386 1081 Nicolaum
407 1013 640 1079 Conueutualem
664 1015 795 1099 predicti
820 1018 993 1081 monasterii
1016 1023 1047 1080 et
1075 1014 1233 1101 plebanum

38 1131 104 1191 tune
127 1124 265 1191 ecclesie
288 1122 471 1209 paroehialis
495 1125 554 1188 iam
575 1124 712 1208 repetate
741 1125 864 1199 relicta,
892 1128 957 1191 siue
985 1126 1154 1207 assignata.
1184 1132 1234 1190 aut

39 1235 260 1320 equiualeutenr
276 1235 433 1319 pecuniam
449 1252 504 1318 pro
519 1235 595 1316 ipsis
611 1237 692 1299 iuxta
709 1235 836 1299 duarum
849 1234 1022 1300 sedularum
1036 1236 1074 1299 de
1086 1237 1144 1301 boc
1156 1254 1231 1299 eon·

38 1344 184 1410 lectarum
203 1349 295 1427 atque
311 1342 509 1426 sigillatarum
526 1347 661 1407 tenorem
678 1343 861 1428 relinquare,
884 1364 951 1409 meo
973 1344 1138 1408 iumediate
1163 1362 1234 1407 suc-

38 1454 150 1517 cessori
169 1474 187 1515 a
204 1451 372 1536 sepedictia
396 1451 516 1515 domino
532 1449 650 1515 abbate
673 1456 704 1515 et
724 1459 874 1515 conuentu
900 1451 990 1516 michi
1014 1450 1233 1527 substituendo,

38 1564 72 1627 de
88 1563 215 1647 propria
232 1561 402 1625 substancia
419 1580 495 1625 mea.
521 1558 596 1623 Nam
613 1565 741 1633 certum,
760 1562 788 1623 si
804 1580 862 1643 ege
874 1560 1017 1625 videlicet
1033 1566 1084 1625 aui
1100 1562 1129 1625 in
1146 1568 1234 1625 ante·

37 1672 113 1737 dicto
130 1672 213 1736 testo
230 1671 338 1736 Sancti
351 1670 457 1735 Georii
472 1676 524 1733 aut
540 1676 608 1753 post
623 1670 721 1753 ipsum
738 1689 927 1755 quocumque
943 1691 1021 1734 anno
1038 1678 1106 1735 ante
1118 1670 1235 1735 naualia

39 1781 156 1866 abipsa
175 1779 311 1845 ecclesia
329 1780 394 1843 siue
410 1780 516 1844 vinens
533 1798 704 1851 reeessero,
720 1782 787 1843 siue
804 1780 936 1843 moriens
954 1778 1133 1852 decessero,
1156 1780 1235 1845 idem

39 1910 120 1954 meus
137 1908 307 1953 successor
322 1888 389 1951 siue
416 1887 527 1952 domini
550 1886 699 1970 sepedicti
716 1886 873 1952 debentia
890 1888 1038 1952 fructibus
1063 1889 1235 1953 eorumdem

39 2001 453 2084 tuueproximeventurorum
461 1997 709 2061 noualiumsolum
720 1996 808 2061 ruodo
821 1998 887 2061 siue
895 1997 1140 2063 centradiccioae
1153 2004 1235 2063 stare

39 2107 188 2173 conteuti.
213 2105 338 2171 Omnem
355 2124 450 2170 meam
467 2103 634 2190 relinquam
649 2105 717 2169 siue
731 2104 871 2170 mobilem
888 2107 955 2169 siue
971 2104 1150 2171 immobilem
1163 2105 1237 2170 sub·

38 2218 179 2280 stantiam
196 2220 247 2279 aut
265 2214 354 2279 micbi
370 2221 421 2278 aot
437 2214 513 2277 meio
530 2212 684 2296 proximis,
701 2213 812 2297 quibua
828 2216 894 2277 siue
910 2213 1034 2285 dedero,
1059 2216 1126 2278 siue
1142 2220 1236 2279 testa·

39 2330 83 2389 tus
107 2326 222 2397 fuero,
249 2324 373 2389 liberam
398 2323 517 2387 omnino
534 2320 710 2406 relinquere
731 2321 853 2395 etnicis,
884 2322 939 2387 nisi
956 2322 1068 2409 aliquid
1087 2323 1125 2387 de
1142 2344 1234 2389 censu

40 2433 185 2515 neglecto
202 2433 318 2498 eisdem
334 2430 498 2517 sepedictie
516 2429 643 2495 dominis
659 2432 780 2495 soluere
797 2438 927 2504 tenerer,
951 2440 1001 2495 aut
1022 2432 1098 2516 ipsis
1121 2432 1234 2516 aliquid

41 2542 197 2609 decadem
208 2542 456 2607 rneaaubstanoia
470 2539 508 2605 ob
520 2538 685 2603 remedium
698 2542 798 2603 anime
808 2561 875 2604 mee
890 2541 1237 2627 materiarumquemicbi

44 2654 245 2717 continentum
260 2674 277 2715 a
292 2652 360 2715 dica
376 2647 700 2721 ecelesiarecedeado,
711 2648 814 2713 darem
824 2655 875 2712 aut
888 2648 1025 2732 largirer.
1048 2650 1121 2714 Siue
1140 2651 1237 2735 inipso

41 2760 200 2825 moriendo
216 2779 318 2825 coram
334 2759 461 2845 ydoneis
477 2757 608 2823 testibus
624 2755 747 2841 publice
763 2758 956 2841 disponerem
978 2766 1029 2822 aut
1044 2765 1235 2823 testarerem.

38 2866 69 2930 ln
86 2889 219 2954 quorum
236 2870 366 2935 omniurn
383 2868 509 2933 euidens
525 2867 729 2931 testimonium
746 2866 899 2953 roburque
915 2866 1052 2931 durabile
1068 2875 1100 2933 et
1121 2867 1235 2932 liranum

39 2976 90 3042 bas
106 2982 273 3062 presentes
289 2976 408 3043 litteras
423 2998 498 3062 sepe
514 2976 687 3042 memoratis
702 2976 822 3041 domino
840 2975 947 3041 Abbati
963 2982 1053 3063 atque
1070 2978 1236 3042 Conuentui

39 3084 110 3150 dicti
128 3088 307 3151 monasterii
323 3086 443 3153 Sancte
460 3087 570 3153 mace
597 3086 663 3168 Ego
679 3086 834 3172 sepefatus
855 3086 993 3152 Jocabor
1014 3087 1175 3173 presbyter
1196 3087 1236 3153 de

38 3194 181 3266 Mea.
197 3193 389 3281 vicariusque
404 3196 434 3257 in
456 3195 626 3278 sepedicta,
643 3200 673 3257 rt
695 3192 892 3278 premittitur,
921 3194 1086 3279 parochiali
1108 3196 1240 3260 ecclesia

38 3302 107 3367 dedi
125 3301 224 3386 sigilli
241 3304 318 3376 mei,
343 3324 400 3368 nee
424 3324 482 3367 ooo
498 3309 530 3367 et
545 3302 713 3385 sigillorum
728 3301 949 3367 honorabilium
966 3302 1078 3368 domiai
1099 3302 1241 3369 dlicbool

39 3409 163 3494 plebani
181 3413 211 3475 in
227 3413 465 3500 Sycdlrendorff
473 3417 504 3477 et
515 3412 640 3478 discreti
657 3412 923 3477 oobilieldrbordi
937 3412 976 3476 de
987 3412 1107 3479 *Oleobt
1122 3432 1238 3497 appen-

45 3522 132 3586 sione
148 3522 565 3605 muoitaseiueoonsigoatae.
583 3520 895 3586 Datumaanodomini
903 3520 1060 3587 Millesimo
1070 3524 1240 3588 Trecente-

40 3628 114 3693 simo
131 3630 201 3693 lm
217 3637 333 3716 quarto,
346 3630 434 3697 indie
448 3630 604 3695 beatorum
621 3637 785 3715 martyrum
793 3630 927 3715 Dionysii
945 3636 976 3695 et
991 3631 1142 3695 sociorum
1161 3632 1237 3695 aius.

112 3753 239 3824 (triplari
252 3756 302 3809 aad
310 3757 470 3828 Pergameni
481 3755 529 3811 nait
539 3754 605 3811 awai
618 3756 734 3827 Siepela.

551 3972 736 4054 CCCXlV.

42 4131 122 4205 bos,
143 4132 185 4191 al.
204 4130 363 4192 december.
384 4164 421 4174 -
439 4134 494 4187 Dic
514 4132 662 4188 Georader
680 4131 780 4187 Nicles
801 4133 862 4189 und
881 4134 1010 4189 Dicte-ich
1030 4133 1241 4190 (1117111111-

42 4223 145 4298 dorfer
164 4224 341 4295 oerqleiclren
360 4224 422 4280 oieb
438 4225 490 4279 mit
507 4222 559 4279 der
577 4223 659 4279 Abtei
676 4224 896 4295 licilipenlrrena
913 4224 983 4280 a‘e'bcr
996 4226 1051 4280 ollc
1063 4225 1240 4300 Anrpratcbq

41 4314 87 4371 die
99 4318 191 4373 um
203 4316 383 4391 desperatam
394 4316 486 4371 obrem
497 4316 698 4370 cameriensem
713 4316 812 4372 Obeim
824 4294 969 4373 1711111111
981 4335 1036 4373 oen
1049 4318 1240 4397 Hopcnbramr

163 4406 282 4478 ,maan
292 4424 455 4477 aaronem
466 4408 658 4477 Berttaarrperr
669 4422 709 4460 aar
726 4406 914 4479 Wezelnmrf
921 4407 1122 4477 supertendcrr.

131 4558 185 4622 leb
203 4558 315 4623 Niclos
333 4558 397 4621 vna
415 4558 464 4622 icb
480 4556 645 4622 Dietrcicb
662 4556 817 4640 gebrudur
832 4556 882 4620 die
903 4556 1166 4644 Trolrlmodorffer
1182 4555 1240 4620 und

32 4665 38 4696 ·'
45 4662 83 4728 all
98 4686 193 4731 anser
209 4666 311 4732 Erbeu
328 4666 398 4733 Wir
413 4670 569 4751 uergeben
585 4667 644 4732 and
660 4670 712 4730 idn
730 4666 805 4731 bunt
820 4666 897 4730 allen
914 4666 983 4739 dau,
1007 4665 1057 4730 die
1079 4664 1138 4730 den
1160 4665 1245 4755 briei
