3059 5067
290 400 367 473 402

288 576 413 659 exigere
428 573 475 638 uel
492 580 674 661 extorquere
688 586 852 663 presumat.
878 578 921 644 dd
939 578 996 643 boe
1011 578 1123 645 liberas
1145 588 1177 645 et
1194 580 1346 646 absolutas
1355 558 1471 646 'mulia-

287 705 349 758 res,
365 705 380 747 a
398 683 501 749 seculo
518 683 679 767 fugientes,
696 688 787 753 liceat
804 688 889 755 uobis
905 688 942 752 ad
960 688 1186 755 conuersiouem
1201 690 1341 777 recipere
1364 700 1395 755 et
1417 710 1469 753 eas

286 792 401 878 absque
427 792 663 859 contradictione
686 797 785 883 aliqua
808 799 949 863 relinere.
975 798 1171 865 Prohibemus
1187 801 1321 883 iusuper,
1347 804 1379 863 ut
1395 797 1469 863 nulli

287 922 422 967 sororum
438 906 603 967 uestrarum
619 910 688 988 post
704 906 813 971 laetam
829 908 858 971 in
871 906 1054 971 llonasterio
1071 914 1173 973 uestro
1185 908 1408 993 professionem
1425 908 1471 970 lus

287 1010 338 1085 sit,
351 1010 466 1096 absque
478 1011 629 1077 abbatisse
641 1034 697 1078 sue
709 1014 840 1087 licentia,
857 1015 894 1080 de
910 1015 1015 1080 eodem
1033 1016 1099 1080 loeo
1115 1016 1286 1081 discedere.
1305 1016 1473 1082 Disceden-

285 1125 347 1185 tem
374 1140 447 1185 uero
474 1119 589 1207 absque
610 1123 805 1189 communium
828 1124 991 1189 litterarum
1015 1130 1182 1189 uestrarum
1206 1128 1344 1190 cautione
1371 1126 1472 1191 nullus

287 1230 394 1295 audeat
409 1229 550 1295 retinere.
575 1230 651 1296 lllud
672 1231 840 1297 districtius
856 1232 1043 1307 inhibentes,
1065 1254 1103 1297 ne
1125 1240 1223 1299 terras
1245 1256 1299 1301 seu
1315 1234 1472 1321 quodlibet

286 1336 464 1405 beneficium
492 1339 623 1404 ecclesie
650 1344 752 1405 ucstre
780 1340 919 1406 collatum
947 1340 1038 1406 liceat
1059 1342 1149 1408 alicui
1169 1343 1371 1427 personaliter
1387 1344 1472 1416 dari,

287 1451 354 1514 siue
369 1448 426 1513 alio
442 1447 529 1513 modo
546 1448 668 1513 alienari
691 1448 806 1536 absque
822 1470 970 1517 consensu
990 1451 1088 1517 tocius
1104 1449 1250 1538 Capituli,
1274 1453 1322 1516 uel
1348 1452 1472 1517 maioris

286 1565 337 1623 aut
361 1557 491 1622 sanioris
517 1558 612 1642 partis
639 1558 744 1643 ipsius.
770 1560 804 1623 Si
830 1578 888 1647 que
911 1578 984 1625 uero
1006 1560 1182 1627 donationes
1204 1558 1253 1626 uel
1268 1560 1471 1627 alienationes

284 1667 387 1741 aliter,
412 1687 499 1753 quam
522 1666 634 1731 dictum
661 1672 723 1742 est,
751 1668 830 1733 lacte
854 1669 980 1743 luerint,
1008 1690 1059 1735 eas
1081 1669 1181 1735 irritas
1204 1690 1273 1735 esse
1297 1689 1475 1737 censemus.

282 1776 408 1861 lusuper
423 1776 599 1840 auctoritate
615 1777 780 1860 apostolica
796 1778 972 1853 inhibemus.
989 1800 1026 1845 ne
1042 1779 1121 1845 ullus
1137 1780 1306 1864 episcopus,
1329 1779 1378 1842 uel
1397 1798 1476 1863 que-

283 1884 359 1951 libet
374 1885 430 1951 ulia
441 1904 571 1970 persona
585 1884 624 1949 ad
640 1885 763 1951 sinodos
781 1885 830 1951 uel
847 1894 1010 1953 conuentus
1028 1889 1165 1953 forenses
1180 1908 1235 1953 uos
1251 1888 1307 1965 ire,
1324 1887 1375 1953 uel
1392 1886 1474 1953 iudi·

283 1994 330 2057 cio
359 1994 486 2060 seculari
510 1992 550 2057 de
571 1999 672 2059 uestra
694 1997 817 2081 propria
839 1996 1005 2063 substantia
1029 1994 1077 2063 uel
1094 1995 1339 2083 possessionibus
1357 1997 1475 2060 nuestris

281 2103 442 2169 subiacere
456 2100 628 2188 compellat,
646 2122 702 2169 uec
719 2103 756 2167 ad
774 2103 878 2169 domos
895 2111 1022 2181 uestras,
1040 2124 1131 2171 causa
1147 2105 1267 2171 ordines
1280 2104 1476 2177 celebrandi,

283 2230 390 2277 causas
406 2211 569 2285 tractandi,
597 2211 647 2277 uel
669 2218 833 2277 conuentus
856 2213 970 2301 aliquos
986 2212 1122 2299 publicos
1138 2212 1321 2279 conuocandi
1337 2260 1346 2285 ‚
1361 2212 1476 2277 uenire

280 2327 444 2406 presumat.
461 2340 518 2385 uec
534 2320 705 2405 regularem
720 2320 899 2387 electionem
916 2321 1068 2389 abbatisse
1084 2326 1186 2389 uestra
1201 2321 1345 2407 impediat
1361 2326 1415 2387 aut
1432 2320 1476 2385 de

280 2430 465 2495 instituenda
480 2430 528 2495 uel
546 2430 729 2496 remoueuda
746 2451 792 2503 ea.
811 2450 869 2517 que
884 2450 942 2517 pro
957 2438 1093 2518 tempore
1108 2432 1217 2505 luerit,
1234 2436 1338 2497 costra
1355 2436 1475 2495 statuta

282 2539 489 2606 cisterciensis
506 2539 621 2604 ordinis
642 2560 675 2604 sc
691 2539 877 2625 aliquatenus
900 2541 1081 2606 intromittat
1108 2540 1164 2605 Pro
1187 2538 1477 2605 consecrationibus

280 2668 353 2715 uero
375 2648 511 2715 altarium
534 2646 583 2715 uel
610 2647 826 2720 eeclesiarum,
854 2650 921 2715 siue
945 2669 998 2733 pro
1026 2647 1095 2714 oleo
1115 2654 1236 2721 sancto.
1262 2647 1309 2714 uel
1331 2648 1478 2733 quolibet

281 2757 492 2823 ecclesiastico
508 2762 695 2823 sacramento
713 2756 810 2822 nullus
826 2776 842 2821 a
859 2755 946 2823 uobis
958 2757 1014 2823 sub
1027 2756 1149 2823 obtentu
1164 2755 1404 2829 consuetudinis,
1421 2756 1476 2821 uel

281 2867 339 2933 ulio
357 2866 492 2955 quolibet
507 2867 595 2932 modo
612 2866 772 2953 quicquam
789 2866 897 2931 audeat
908 2871 1097 2953 extorquere.
1114 2867 1169 2933 sed
1181 2866 1239 2932 bec
1255 2868 1354 2934 omnia
1371 2868 1477 2949 gratia

281 2975 368 3041 uobis
385 2976 546 3063 episcopus
563 2975 741 3043 diocesanus
762 2976 923 3061 impendat.
965 2975 1081 3058 Quodsi
1104 2978 1194 3043 sedes
1219 2976 1376 3042 diocesani
1403 2978 1477 3060 epi·

283 3087 369 3171 scopi
385 3086 464 3150 torte
479 3086 642 3161 uacauerit,
658 3086 779 3151 interim
792 3087 889 3151 omniu
902 3085 1110 3152 ecclesiastiea
1122 3092 1307 3151 sacramenta
1324 3105 1341 3149 a
1358 3085 1478 3149 uicinis

279 3194 432 3287 episcopis
448 3197 587 3279 accipere
602 3195 696 3260 libere
712 3202 743 3261 et
757 3196 872 3279 absque
888 3194 1126 3262 contradictione
1142 3194 1274 3281 possitis.
1290 3194 1336 3257 sic
1352 3198 1478 3265 tamem

279 3310 312 3367 ut
328 3324 364 3369 ex
379 3303 438 3369 boc
449 3303 481 3366 iu
497 3310 651 3388 posterum
667 3306 798 3389 propriis
815 3306 967 3391 episcopis
983 3304 1093 3370 nullum
1116 3303 1314 3389 preiudicium
1329 3320 1477 3387 genere-

278 3417 338 3477 tur.
363 3414 457 3479 Porro
473 3414 498 3477 si
515 3413 668 3499 episcopi,
691 3414 741 3478 uel
762 3413 814 3479 alii
830 3413 1024 3480 ecclesiarum
1046 3418 1183 3479 rectores
1205 3414 1234 3476 in
1251 3412 1479 3477 llouasterium

277 3528 423 3593 uestrum.
434 3522 484 3588 uel
496 3542 642 3608 personas
658 3522 731 3587 inibi
747 3526 937 3597 constitutas,
953 3524 1168 3609 suspensionis,
1181 3522 1481 3587 excomunicationis

277 3634 328 3699 uel
343 3632 497 3699 interdicti
515 3632 696 3696 sententiam
712 3632 981 3717 promulgaueriut‚
999 3634 1066 3699 siue
1081 3634 1171 3699 etiarn
1192 3635 1221 3698 in
1237 3632 1479 3695 mercennarios

278 3748 398 3807 uestros
413 3761 469 3827 pro
485 3760 533 3813 eo,
552 3739 630 3826 quod
648 3740 791 3813 decimas,
815 3741 893 3806 sicut
909 3741 1021 3807 dictum
1038 3750 1102 3815 est,
1130 3762 1188 3807 nou
1204 3732 1400 3827 persoluitis,
1421 3759 1481 3805 sou

279 3850 377 3937 aliqua
394 3849 555 3916 occasione
571 3868 690 3922 eorum,
713 3868 772 3935 que
794 3848 830 3915 ab
852 3849 1017 3937 apostolica
1031 3848 1218 3935 benignitate
1241 3846 1329 3913 uobis
1350 3846 1479 3913 indulta

277 3967 356 4033 suut,
374 3981 429 4025 seu
444 3959 656 4025 benefactores
672 3965 792 4023 uestros
808 3978 862 4043 pro
878 3979 927 4033 eo,
940 3959 1020 4045 quod
1035 3957 1073 4024 ob
1089 3956 1185 4045 aliqua
1202 3955 1288 4022 uobis
1304 3956 1478 4031 beneficia.

276 4070 323 4133 uel
341 4070 486 4157 obsequia
502 4070 700 4155 prestiteriot,
716 4089 753 4135 ex
769 4067 895 4134 caritate
911 4068 960 4134 uel
976 4066 1221 4133 adlaborandum
1243 4064 1428 4131 adiuuerint
1445 4070 1474 4132 in

276 4180 336 4244 illis
351 4178 469 4252 diebus,
486 4181 516 4243 in
533 4177 641 4265 quibua
665 4222 1476 4247 ...............

274 4396 413 4471 babeant.
429 4417 503 4483 quus
519 4399 610 4465 tacito
626 4397 745 4461 uomiue
777 4441 1474 4465 .............

346 4542 464 4612 original
476 4544 525 4599 auf
532 4544 698 4612 Pergament.
719 4542 781 4597 sebr
799 4538 957 4605 scbadbalt;
976 4540 1024 4595 der
1037 4542 1130 4593 untere
1145 4537 1220 4593 'lbeil
1235 4536 1324 4592 dieser
1336 4537 1474 4595 Urkuude

275 4632 346 4686 leblt
362 4648 436 4702 pens.
