3059 5067
808 657 926 740 cclv.

272 803 658 876 bonsemannus·
670 801 729 860 uer
744 801 906 878 pdpstls'ede
920 801 1166 874 cardinal-Lepet
1188 803 1287 860 dnus
1308 804 1473 878 kafftn!

272 893 328 950 den
349 893 474 967 Bisolos
486 913 542 950 oon
562 895 688 958 Pasas,
705 891 759 950 der
770 893 853 949 Addet
865 891 1084 965 Heilipeskrm
1100 893 1180 951 itm
1196 895 1278 950 rurs
1296 893 1420 968 affulge
1431 893 1474 950 die

273 983 529 1056 &ancillanda
539 984 896 1058 iseorpsrirmsoenndie
906 985 1101 1056 usquedum·
1114 984 1473 1042 numantiam

824 1075 926 1133 leitsn.

367 1206 469 1271 Guido
490 1206 685 1270 miseratione
707 1205 807 1270 diuina
832 1205 911 1271 tituli
935 1211 1042 1272 sancte
1058 1205 1172 1272 Cecilie
1204 1205 1368 1272 Pruslriter
1402 1205 1472 1270 (lar-

275 1312 395 1388 dinalis,
412 1313 581 1400 apostolice
596 1314 681 1380 sedis
696 1315 831 1401 Legatos
851 1366 858 1382 .
896 1365 904 1382 .
923 1315 1099 1382 Venerabili
1115 1317 1145 1380 in
1162 1315 1283 1382 christo
1301 1317 1389 1382 Patri
1408 1364 1417 1380 .
1449 1361 1457 1378 .

275 1425 430 1508 Episcopo
447 1425 637 1491 Pntuus'msi
655 1423 791 1490 Salutem
813 1427 843 1489 in
862 1427 992 1491 domino.
1030 1425 1128 1508 Digne
1154 1425 1333 1509 peticiones
1355 1425 1425 1489 illas
1439 1424 1472 1488 al

274 1533 407 1618 graciam
424 1533 622 1598 exauditionis
640 1531 833 1606 admittimus,
862 1553 919 1620 per
935 1553 1009 1619 quas
1025 1534 1225 1599 ecclesiarum
1242 1539 1277 1598 et
1293 1535 1473 1598 monastari-

275 1661 359 1708 orum
376 1641 495 1706 utilitati
508 1641 677 1707 consulitur
692 1648 724 1706 et
738 1661 935 1725 personarum
948 1641 1181 1708 neeessitstibus
1197 1641 1396 1707 subuenitm.
1419 1643 1473 1706 sx-

274 1749 370 1816 hibita
384 1751 532 1837 siquidem
547 1749 634 1814 nobis
650 1751 830 1817 dilectorum
846 1753 875 1818 in
892 1752 1008 1818 christo
1028 1798 1036 1814 .
1053 1797 1062 1816 .
1079 1801 1087 1816 .
1109 1749 1235 1815 Amans
1258 1755 1294 1814 et
1309 1757 1474 1818 conuentus

275 1859 448 1926 monosterii
463 1861 582 1928 Sancte
589 1861 709 1936 Crucis
725 1859 840 1926 ordinis
850 1859 1062 1926 cisterciensis
1078 1861 1399 1927 vestrePntcus‘ensr's
1412 1860 1474 1924 dio-

276 1971 356 2036 cesis
372 1970 477 2055 petitio
490 1971 674 2044 continebat,
691 1969 771 2056 quod
784 1973 908 2045 drudus,
925 1970 1063 2036 redditus
1076 1973 1106 2034 et
1117 1974 1288 2053 prouentus
1302 1969 1475 2034 monasterii

276 2077 409 2163 ipsorum
422 2077 553 2161 predicti
574 2084 645 2143 sunt
669 2081 745 2143 adeo
763 2085 871 2144 tenues
888 2085 920 2144 st
935 2079 1049 2152 exiles,
1077 2078 1157 2164 quod
1172 2075 1209 2142 ad
1222 2079 1475 2144 sustentationem

277 2206 439 2272 pauperum
452 2193 484 2252 et
500 2187 625 2251 aliorum
639 2188 747 2252 christi
762 2187 893 2254 fidelium
910 2187 1023 2252 ibidem
1039 2186 1292 2252 concurrencium
1307 2188 1476 2252 nullstm

277 2294 420 2364 sufficere
437 2296 651 2370 dinoscuntur,
679 2298 817 2385 quodque
837 2347 845 2363 .
882 2348 891 2364 .
910 2296 1010 2362 Albas
1036 2297 1104 2382 ipse
1119 2317 1156 2360 er
1172 2295 1293 2359 eisdem
1311 2295 1477 2362 secuudum

277 2407 324 2470 sui
341 2409 436 2470 status
454 2405 688 2472 condeceneiam
713 2409 818 2492 nequit
835 2407 962 2474 comode
978 2405 1141 2471 sustentsri
1158 2408 1190 2468 et
1207 2402 1263 2468 alia
1281 2403 1343 2469 silri
1360 2406 1475 2470 incum-

276 2513 381 2579 bentia
397 2534 489 2579 onera
505 2521 695 2601 supportare.
731 2518 832 2600 Qusrs
848 2515 935 2581 nobis
952 2514 1107 2582 humiliter
1123 2511 1351 2598 supplicarunt,
1369 2521 1404 2578 nt
1417 2515 1477 2577 eis-

277 2623 388 2688 demin
404 2623 460 2688 hac
476 2630 563 2708 parte
575 2631 701 2709 paterno
717 2625 940 2711 compacientes
954 2625 1063 2690 ellectu
1074 2622 1236 2708 prouidere
1252 2641 1350 2706 super
1366 2622 1427 2687 hoc
1441 2622 1478 2686 de

278 2739 425 2819 oportuno
441 2733 576 2798 remedio
588 2735 826 2802 misericorditer
842 2732 1035 2820 dignoremur
1047 2735 1078 2796 et
1088 2729 1294 2816 parochialem
1311 2729 1476 2797 ecclesiam

279 2843 384 2908 Sancti
408 2842 535 2927 Georgii
563 2844 603 2908 de
630 2845 725 2911 oseti
751 2845 835 2910 dicte
862 2849 964 2910 uestre
985 2841 1119 2908 diocesis
1140 2839 1178 2905 ad
1208 2840 1416 2906 eorumdem.
1452 2887 1461 2904 .

278 2952 404 3018 Abbatis
437 2958 469 3018 et
493 2953 664 3018 Conuentns
697 2955 970 3039 praesentationem
994 2954 1200 3038 spectantem,
1233 2969 1304 3013 cum
1336 2949 1475 3013 omnibns

279 3061 392 3126 iuribus
417 3066 447 3126 et
468 3061 664 3146 pertinenciis
681 3063 743 3127 suis
760 3063 931 3130 eorumdem
960 3061 1140 3126 munasterio
1162 3056 1314 3143 prelibato
1335 3057 1427 3122 rnire
1447 3063 1477 3120 et

278 3169 476 3252 incorporare
492 3189 527 3234 ao
540 3171 569 3233 in
582 3178 761 3256 perpetuum
774 3176 935 3238 annectere
951 3169 990 3234 de
1002 3165 1131 3254 speciali
1146 3168 1251 3250 grecis
1267 3164 1476 3249 dignaremur.

278 3273 342 3340 Nos
356 3277 458 3362 itaque
471 3277 508 3342 de
521 3280 679 3362 predictis,
698 3286 729 3345 ut
744 3281 894 3352 conuenit,
912 3277 1053 3343 noticiam
1066 3297 1122 3341 non
1136 3273 1282 3339 habentes
1299 3275 1477 3358 paternitati

279 3389 399 3458 uestro,
424 3384 463 3450 de
480 3408 537 3472 qua
553 3389 590 3452 in¹
600 3389 659 3454 hiis
675 3395 706 3454 et
722 3391 789 3455 aliis
806 3387 946 3454 fiduciam
962 3388 1095 3470 gerimus
1111 3385 1142 3448 in
1160 3383 1280 3448 domino
1295 3383 1475 3467 specialem,

280 3493 470 3568 auctoritate,
478 3516 534 3581 qua
542 3496 703 3579 fungimur,
716 3497 1019 3585 tenurepresencium
1028 3491 1239 3558 committimus
1249 3491 1475 3562 mmandamss,

280 3603 418 3688 quatinus
434 3603 472 3666 de
489 3603 635 3688 predictis
657 3605 821 3690 diligenter
836 3607 1040 3691 inquirentes,
1070 3603 1095 3665 si
1117 3599 1314 3670 inueneritis,
1337 3599 1474 3683 predicte

279 3713 408 3776 ueritate
423 3711 524 3776 fulciri
540 3719 571 3776 et
586 3713 678 3780 Velis
702 3715 867 3800 expediens
883 3712 1036 3782 uidentur,
1064 3729 1155 3795 super
1171 3727 1230 3793 quo
1245 3714 1383 3772 uestram
1400 3727 1474 3772 con·

279 3819 436 3884 scientiam
459 3841 636 3896 oneramus,
664 3824 823 3889 eeclesiam
850 3824 945 3908 ipsam
970 3820 1073 3886 Sancti
1096 3815 1223 3898 Georgii
1243 3835 1311 3880 enm
1337 3814 1474 3880 omnibus

279 3927 396 3994 iuribus
426 3935 457 3995 et
472 3932 671 4016 pertinenciis
692 3933 756 3998 suis
780 3951 884 3998 eorum
909 3927 1091 3996 monasterio
1119 3929 1282 3991 memorato
1312 3926 1418 3998 rnire,
1446 3925 1474 3986 st

278 4035 474 4122 incorporare
490 4059 525 4102 ac
542 4041 769 4126 inperpetuum
791 4044 955 4106 annectere
970 4035 1142 4124 procuretis
1157 4033 1218 4104 lta.
1247 4033 1330 4120 quod
1347 4033 1472 4098 cedente

279 4144 329 4210 uel
359 4145 528 4211 decedente
549 4156 669 4216 rectore
691 4149 823 4215 ecclesis
847 4148 953 4215 Sancti
985 4147 1126 4232 Georgii,
1159 4143 1210 4230 qui
1230 4162 1311 4206 nuuc
1333 4145 1398 4214 est,
1429 4134 1473 4202 uel

279 4252 410 4319 ecclesia
425 4253 491 4338 ipsa
508 4277 696 4345 quocumque
710 4261 766 4324 alio
782 4257 869 4324 modo
886 4259 1013 4322 uacante
1028 4257 1122 4320 liceat
1137 4254 1181 4317 eis
1198 4257 1229 4316 et
1244 4251 1472 4316 suecessoribus

279 4363 358 4436 suis,
387 4361 438 4447 qui
459 4383 515 4448 pro
536 4369 673 4450 ternpore
695 4369 822 4438 tuerint.
850 4365 1018 4453 predictam
1040 4362 1210 4429 Ecclesiam
1231 4359 1330 4423 sancti
1348 4357 1470 4444 Georgii

279 4491 346 4536 cum
362 4471 477 4538 iuribus
494 4477 526 4538 et
540 4475 737 4560 pertinenciis
758 4479 824 4542 suis
842 4482 873 4542 et
888 4474 1078 4562 corporalem
1095 4468 1322 4557 possessionem
1337 4468 1469 4533 eiusdem

278 4581 398 4663 ingredi
421 4603 458 4648 ac
481 4585 572 4649 etiam
599 4583 698 4650 libero
724 4585 935 4670 eprehendere
965 4592 997 4651 et
1023 4590 1146 4659 tenere,
1173 4581 1330 4668 ipsiusque
1359 4583 1470 4646 tructus
