3059 5067
1215 418 1267 489 aa

70 592 201 655 omnium
230 590 391 654 saluatore.
433 589 529 653 Justis
552 590 720 671 potenciam
745 589 908 655 desideriis
932 610 1112 656 consensum
1140 592 1268 676 prebere

69 700 116 763 ius
140 700 251 787 inuitat
270 704 301 762 et
323 697 446 780 Regalis
469 695 636 761 sublimitas
659 704 822 763 exortatur.
863 699 991 763 Proinde
1007 699 1044 763 ad
1061 701 1267 765 universorum

70 806 212 871 noticiam
236 805 340 869 harum
364 806 446 868 serie
472 804 608 868 volumus
631 808 792 889 peruenire
820 807 899 889 quod
927 808 972 869 rir
987 805 1152 891 religiosus
1175 809 1270 872 irater

73 914 146 979 Otto
163 912 260 976 abbas
278 912 451 975 monasterii
466 919 576 977 ronne
591 914 696 979 uncia
718 914 833 977 ordinis
849 913 1074 999 cysterciensis
1091 916 1130 979 de
1145 919 1267 988 austria,

70 1020 263 1087 Patauiensis
287 1020 437 1092 Dioeesis,
465 1019 563 1083 fidelis
593 1026 695 1085 noster
716 1021 754 1085 ad
777 1028 880 1086 nostre
914 1022 1088 1086 serenitatis
1117 1023 1267 1088 accedens

69 1128 262 1213 presenciam
277 1125 408 1191 exhibuit
424 1127 510 1191 uobis
523 1127 712 1211 priuilegium
726 1133 860 1193 nostrum
878 1131 971 1213 priori
989 1134 1019 1192 et
1034 1131 1155 1216 antiquo
1168 1130 1268 1214 sigillo

69 1242 178 1302 nostro
205 1235 412 1317 consignatum
438 1254 531 1318 super
551 1236 716 1299 donacione
748 1238 903 1301 cuiusdam
931 1228 1136 1322 possessionis
1166 1236 1267 1303 Casiri

68 1345 170 1410 nostri
184 1340 399 1410 Mnsnnicnsis
415 1343 562 1409 chcbnn
581 1349 689 1407 vocate
705 1365 760 1428 per
781 1366 838 1408 nos
855 1364 1033 1410 concessum
1050 1351 1081 1410 et
1097 1348 1267 1411 coniectum

68 1461 103 1521 et
120 1455 215 1541 peciit
231 1474 247 1516 a
264 1453 351 1517 nobis
367 1474 434 1517 curn
451 1454 606 1525 instancia,
621 1458 653 1517 vt
669 1454 765 1537 ipsum
783 1453 974 1537 priuilegium
991 1462 1088 1519 ratum
1104 1455 1219 1520 babere
1237 1462 1267 1519 et

68 1564 109 1628 ad
129 1564 272 1627 maiorem
289 1562 384 1646 ipsius
402 1562 578 1627 donacionis
595 1567 699 1625 nostre
716 1561 927 1626 certitudinem
943 1564 1138 1645 opposicione
1153 1564 1224 1628 noui
1238 1570 1270 1627 et

68 1669 219 1737 autentici
234 1668 328 1753 sigilli
341 1672 437 1735 nostri
454 1670 648 1751 dignoremur
660 1670 849 1733 confirmare.
875 1666 968 1733 Cuius
981 1672 1103 1752 quidem
1116 1673 1268 1757 priuilegii

67 1779 170 1843 nocui
181 1782 268 1841 tenor
280 1778 349 1841 talis
362 1783 420 1841 est.
439 1776 548 1863 (Folgt
563 1777 613 1841 die
630 1778 662 1841 S.
681 1776 734 1849 53,
751 1775 805 1838 Nr.
817 1775 1100 1858 Llllabgedruckte
1112 1777 1266 1853 Urkundc,

66 1886 142 1951 ddo.
163 1888 214 1950 to.
227 1884 408 1969 September
429 1884 543 1969 1318.)
567 1883 630 1949 Nos
646 1886 746 1968 itaque
762 1885 848 1948 iustis
866 1888 897 1947 et
912 1884 1054 1965 legitimis
1071 1886 1267 1970 petitionibus

66 1995 211 2061 eiusdem
227 1994 329 2059 fratris
347 1994 473 2059 ononis
489 1992 654 2075 diiigenter
669 1993 795 2064 auditis,
818 1992 1031 2075 reuocatisque
1047 1995 1077 2057 ia
1094 1996 1266 2059 memoriam

63 2102 207 2187 dampnis
213 2106 245 2165 et
256 2100 372 2165 iniuriis
382 2120 437 2186 per
448 2122 503 2165 nos
510 2106 540 2165 et
546 2102 709 2165 exercitum
722 2106 855 2165 nostrum
867 2100 1036 2184 predictum
1050 2101 1149 2165 eidem
1163 2103 1268 2166 eecle-

64 2210 117 2275 sie
133 2209 252 2275 Sancte
264 2210 374 2275 Crucis
389 2209 491 2281 illatis,
509 2214 541 2273 ut
553 2210 744 2292 premittitur,
762 2209 911 2292 prefatum
927 2208 1117 2291 priuilegium
1132 2214 1266 2275 nostrum

66 2316 130 2381 rite
150 2322 182 2380 et
203 2317 337 2399 legitime
354 2337 390 2381 ac
407 2337 443 2380 ex
462 2322 564 2380 nostra
580 2317 705 2383 scientia
722 2318 822 2381 datum
840 2321 871 2379 et
883 2335 1061 2381 concessum
1073 2317 1266 2401 presentibus

66 2425 109 2489 de
128 2423 224 2489 uerbo
241 2424 278 2488 ad
297 2423 420 2489 uerbum
438 2427 531 2489 inseri
555 2424 702 2488 iacientes
725 2423 917 2493 ratificamus,
934 2429 1137 2508 acceptamus,
1155 2446 1267 2510 appro-

23 2584 36 2593 ,
69 2532 179 2597 bamus
204 2538 236 2596 et
257 2532 447 2617 appositione
472 2534 541 2596 noui
571 2539 602 2595 et
631 2532 775 2595 autentici
802 2530 895 2613 sigilli
926 2534 1022 2595 nostri
1044 2532 1267 2605 confirmamus,

70 2638 230 2724 dupplicis
255 2640 346 2722 sigilli
368 2642 463 2703 nostri
486 2643 646 2705 munimine
670 2638 850 2703 roborando.
891 2642 998 2704 Datum
1013 2660 1070 2724 per
1087 2662 1190 2706 manus
1207 2639 1271 2705 dis·

47 2742 153 2813 “creti
180 2748 237 2812 riri
261 2748 397 2831 magistri
413 2748 558 2819 Andros,
588 2748 725 2811 hectoris
754 2746 891 2830 Quinque
919 2746 1118 2813 ecclesiensis
1146 2754 1178 2811 et
1201 2748 1269 2813 aule

71 2861 180 2920 nostre
195 2856 435 2921 vicecancellarii
451 2856 554 2921 dilecti
571 2878 606 2919 rc
623 2854 723 2919 tidelis
740 2857 846 2919 nostri.
873 2859 955 2920 Anno
973 2856 1085 2921 domini
1101 2858 1155 2921 bit.
1169 2856 1268 2921 CCCt

70 2975 135 3033 11⁰.
147 2966 255 3035 tercio,
272 2964 369 3047 llegni
380 2971 478 3029 autem
490 2966 585 3027 nostri
599 2984 675 3027 auno
686 2964 827 3028 similiter
843 2971 912 3025 rx¹¹⁰
928 2965 1034 3034 tercio,
1052 2964 1164 3044 Quarto
1178 2984 1269 3028 nonas

71 3072 267 3143 Decembris,
290 3070 518 3140 venerabilibus
541 3072 570 3134 in
591 3070 711 3136 Christo
725 3071 860 3156 patribus
876 3071 1004 3134 dominis
1020 3073 1168 3137 Rolcalco
1184 3072 1269 3137 Stri-

66 3180 220 3267 9onicnoi
229 3178 615 3262 eiusdemquelociComite
633 3180 918 3263 perpelooetiratre
936 3179 1088 3244 Lodialoo
1107 3180 1271 3244 Colocensi

71 3286 325 3370 archiepiscopis,
340 3285 488 3352 Jobonnc
501 3288 668 3359 Nitriensi,
692 3287 865 3353 Benedicta
890 3286 1115 3356 Cbnnndiensi,
1134 3287 1269 3374 Georgia

72 3396 114 3460 dc
128 3394 274 3480 sumta,
300 3394 434 3459 Nieoluo
455 3395 657 3470 suumomni,
678 3397 815 3460 annku
830 3395 1037 3463 waradiensi,
1065 3394 1157 3456 tratre
1174 3395 1270 3461 Retro

72 3503 233 3569 Hennensi
240 3548 248 3573 ,
279 3502 431 3567 Ladialoo
455 3503 600 3589 Quinque
622 3502 823 3577 ecclesiensi,
850 3502 979 3566 Andreas
1006 3501 1217 3565 lbansilwno
1239 3508 1271 3565 ct

72 3611 212 3675 Hernico
228 3610 438 3695 vesprimensi
452 3632 492 3674 oc
510 3610 697 3675 Cbnnoclino
713 3608 864 3697 Agricnsi
883 3608 1082 3671 ecclesiarum
1098 3608 1269 3691 Episcopis,

73 3718 243 3800 blagnib'cis
263 3719 335 3781 viris
365 3718 492 3805 Pnittpo
509 3719 643 3783 Palatino
671 3718 787 3782 Comite
809 3718 848 3781 dc
868 3718 1022 3805 Scopnoa'o
1043 3724 1075 3781 et
1098 3717 1139 3780 dc
1158 3716 1269 3800 Vpnnr,

71 3825 236 3891 Demdrio
262 3826 404 3907 magistro
432 3826 656 3889 tauernicorum
684 3827 854 3889 nostrorum
881 3828 913 3888 et
940 3823 1056 3887 Comite
1084 3823 1269 3895 Boebicnsi,

71 3934 219 4014 magistro
228 3935 399 4019 Lunrpmo
413 3932 611 3996 iudiceCuric
622 3940 726 3997 nostre
738 3938 770 3995 et
782 3930 898 3995 Comite
912 3930 1137 4000 Cbuncdicnsi,
1152 3930 1270 3995 Tbomn

69 4042 216 4108 eninodu
247 4042 468 4127 lbonaplnono
490 4044 521 4104 et
544 4038 659 4105 Comite
681 4041 718 4104 de
746 4040 886 4111 Zolnnb,
913 4038 1048 4103 Nicolco
1070 4037 1149 4101 bauo
1177 4037 1268 4101 totius

71 4149 229 4215 Slcuonic
255 4153 287 4213 et
308 4148 425 4213 Comite
439 4148 654 4235 Snpronienoi
662 4196 671 4220 ,
693 4149 795 4213 Panlo
820 4148 897 4211 bano
913 4145 952 4208 de
967 4146 1083 4211 Mando
1099 4145 1215 4208 Comite
1231 4144 1270 4207 de

21 4251 29 4265 ’
71 4258 208 4345 Bndrup
223 4262 254 4321 et
276 4256 315 4320 de
335 4256 459 4329 Volboc,
484 4256 589 4322 Micclr
611 4254 755 4337 magistro
772 4256 993 4318 tauernicorum
1010 4254 1136 4316 Domine
1152 4252 1270 4334 Regiae

69 4363 224 4430 consortis
237 4363 475 4427 meeKarissimc
488 4362 642 4427 etComitc
654 4364 693 4427 dc
703 4362 837 4433 Sarnos,
851 4364 958 4427 Descn
972 4360 1073 4426 iudice
1082 4358 1173 4423 Curio
1186 4358 1270 4423 eins·

70 4474 142 4538 dem
159 4472 281 4536 domine
295 4471 422 4555 Regiae,
438 4472 549 4537 Blasio
565 4473 710 4553 magistro
727 4488 890 4551 agasonum
907 4473 1088 4539 normarum,
1114 4467 1270 4553 Dponieio

67 4580 220 4663 magistro
233 4580 439 4664 dapiferatum
455 4584 624 4645 nostrorum
641 4584 672 4645 et
684 4576 852 4643 Castellano
869 4578 907 4642 de
920 4577 1055 4650 Mibold,
1072 4580 1104 4640 et
1120 4575 1265 4659 magistro
