3059 5067
259 367 336 439 328

255 564 270 605 a
293 541 420 607 meridie
444 547 476 606 et
499 544 731 626 protenderetur
746 541 782 603 ad
809 538 1032 625 possessionem
1052 538 1173 605 ericd
1190 538 1228 603 ab
1244 540 1408 604 occidente
1424 544 1456 605 et

254 650 326 713 inde
348 652 408 713 iret
429 650 466 717 ad
495 650 644 735 quandam
665 650 887 735 possessiouem
914 648 1014 713 Gulae
1040 653 1176 712 uocatam
1199 646 1236 710 ab
1264 647 1407 733 aquilone
1424 656 1456 713 et

254 758 325 821 inde
359 759 570 823 reflecteretur
599 757 635 822 ad
658 759 778 843 plegem
807 756 984 820 orientalem
1011 775 1120 820 uersus
1149 756 1277 823 Ουήαηε
1302 756 1453 821 dictorum

253 865 481 932 Monocborum
492 866 673 931 etsiemete
685 866 917 931 terminarentur
929 864 1133 949 possessionis
1145 865 1308 936 antedicto,
1326 886 1453 950 quarum

255 974 376 1060 quidem
399 974 567 1040 litterarum
589 974 830 1038 exhibicionibus
846 974 951 1046 iactis,
981 972 1125 1057 dictoque
1146 975 1335 1056 procuratori
1356 976 1455 1059 ipsius

252 1084 365 1149 domini
381 1082 506 1147 diluatis
527 1083 608 1146 inter
622 1080 778 1166 predictas
801 1082 930 1165 plagas,
959 1082 989 1145 in
1013 1081 1094 1145 dieto
1116 1082 1275 1167 priuilegio
1293 1090 1455 1147 contentas

253 1200 390 1276 tempore
412 1192 507 1276 ipsius
532 1190 760 1274 possessionum
787 1189 1036 1255 reambulacionis
1057 1189 1087 1251 iu
1117 1188 1250 1273 pluribus
1266 1191 1342 1256 locis
1358 1196 1455 1255 metas

254 1306 372 1366 erectas
389 1300 484 1364 inisse
501 1305 532 1363 et
548 1297 673 1363 easdem
690 1298 865 1363 emendatas
879 1318 947 1361 esse
964 1304 1127 1369 assereret,
1144 1299 1213 1382 quia
1227 1298 1342 1383 absque
1355 1318 1457 1362 ream

252 1410 410 1475 bulacione
435 1413 583 1471 metarum
605 1406 810 1491 predictarum
827 1407 1050 1492 possessionum
1068 1410 1201 1489 ipsarum
1217 1409 1346 1489 partium
1364 1408 1456 1473 modo

252 1520 329 1583 inira
346 1515 563 1582 reambulando
581 1513 697 1587 tiendo,
721 1516 801 1577 inter
821 1515 902 1598 ipsas
920 1519 1020 1597 partes
1042 1514 1122 1579 bono
1143 1516 1232 1577 modo
1255 1515 1400 1579 iudicium
1425 1519 1458 1580 et

253 1627 405 1691 iusticiam
421 1627 526 1689 tacere
543 1644 602 1687 non
619 1630 804 1708 poteramus,
826 1622 861 1685 ad
880 1623 1035 1706 ipsamque
1050 1622 1322 1687 reambulacionem
1340 1625 1458 1689 nden-

252 1735 319 1798 dam
337 1734 423 1817 liegii
448 1738 479 1795 et
500 1732 597 1817 ipsius
616 1732 760 1819 capitata·
779 1731 962 1797 Janrr'cnss‘s
983 1732 1120 1795 homines
1146 1733 1320 1795 necessario
1337 1732 1458 1797 debue-

253 1848 322 1907 rant
340 1842 500 1911 destinari,
528 1840 622 1923 igitur
645 1840 813 1903 amiciciam
830 1840 964 1903 eiusdem
983 1840 1112 1922 Capituli
1128 1840 1303 1904 litteraliter
1317 1842 1458 1924 petiera-

254 1972 319 2015 mus
345 1950 524 2033 diligenter,
555 1954 703 2034 qnatenus
723 1949 859 2031 ipsorum
882 1947 1038 2013 mitterent
1061 1948 1197 2011 homines
1219 1968 1273 2032 pro
1296 1951 1458 2035 utriusque

253 2058 409 2143 partibus,
438 2078 492 2142 pro
515 2057 696 2122 testimoniis
720 2057 780 2121 tide
807 2054 934 2139 dignos.
962 2058 1070 2141 quibus
1097 2057 1292 2139 presentibus
1318 2059 1460 2122 bomines

252 2168 341 2250 Regii
362 2167 441 2230 intra
463 2164 637 2230 declarandi
659 2165 688 2229 in
716 2171 824 2229 octaua
854 2164 914 2229 diei
943 2164 1034 2229 medii
1052 2164 1291 2246 Quadragesime
1319 2168 1459 2251 proxime

251 2282 323 2341 tune
340 2274 507 2348 uenientis,
535 2273 654 2338 scilicet
680 2274 757 2337 seria
784 2278 889 2357 quarta
913 2274 949 2336 ad
976 2276 1086 2338 taciem
1105 2274 1313 2357 predictarum
1329 2296 1458 2359 posses·

253 2386 369 2448 sionum
396 2384 519 2448 Weliod
545 2386 576 2447 et
608 2383 791 2466 lbnosoluo
818 2386 1009 2455 uocatarum,
1037 2382 1147 2446 uicinis
1176 2387 1207 2445 et
1243 2383 1462 2447 commetaneis

252 2491 414 2556 earundem
432 2490 569 2573 legitime
586 2492 779 2561 conuocatis,
803 2508 839 2552 ac
856 2490 932 2573 ipsis
949 2492 1108 2573 partibus,
1127 2492 1174 2555 uel
1193 2512 1295 2555 earnm
1314 2492 1460 2574 legitimis

252 2599 499 2686 procuratoribus
515 2597 743 2681 praesentibus,
773 2597 952 2663 accedendo
971 2600 1068 2682 primo
1088 2599 1211 2663 eandem
1230 2601 1457 2682 possessionem

261 2710 383 2776 Wcliud
397 2714 549 2778 uocatam,
576 2707 672 2791 ipsius
698 2707 810 2771 actoris
833 2726 849 2770 a
873 2713 960 2789 parte
977 2710 1179 2791 possessionis
1200 2710 1388 2791 sstnofoloo
1406 2728 1460 2791 per

252 2823 348 2882 metas
364 2822 395 2880 et
407 2834 513 2880 cursus
529 2815 655 2879 metatos
669 2815 835 2899 peripsum
850 2816 1047 2904 Gregorium,
1065 2815 1114 2881 uel
1128 2836 1212 2879 suum
1226 2823 1458 2899 procuratorem

252 2925 417 3011 legitimum
435 2923 640 2989 emendandas
657 2929 690 2987 et
701 2922 943 2988 determinandas
961 2924 1183 2989 reambularent
1199 2930 1230 2988 et
1246 2925 1347 3005 signis
1360 2932 1456 2987 meta·

251 3034 330 3099 libus
359 3033 593 3115 consignarent,
622 3030 805 3116 demumque
827 3032 921 3115 ipsam
939 3035 1160 3116 possessionem
1183 3035 1367 3117 Tonosoluo
1385 3055 1457 3115 pre-

253 3144 326 3208 dicti
344 3142 456 3205 domini
478 3140 603 3204 Abbatis
626 3146 765 3225 exparte
793 3141 875 3205 dicte
896 3143 1101 3225 possessionis
1120 3144 1243 3208 Welind
1268 3152 1379 3205 uocate
1402 3162 1458 3226 per

255 3250 382 3315 metalcs
406 3248 616 3313 distinctiones
639 3250 668 3311 in
685 3249 823 3332 predicto
845 3249 943 3331 ipsius
960 3248 1088 3332 Capituli
1105 3249 1267 3335 priuilegio
1286 3272 1343 3333 per
1359 3254 1457 3333 ipsum

251 3359 410 3428 Abbatem
426 3356 476 3420 uel
488 3377 575 3420 soum
588 3357 755 3440 legitimum
768 3364 994 3439 procuratorem
1012 3356 1085 3420 inibi
1104 3359 1133 3421 in
1151 3361 1255 3442 speeie
1269 3358 1457 3430 exbibenda,

252 3468 427 3532 conuocatis
455 3464 621 3529 secundum
647 3465 934 3529 determinaeionem
963 3465 1058 3549 ipsius
1087 3467 1202 3529 Domini
1231 3465 1376 3539 Abbatis,
1409 3467 1455 3531 nel

251 3573 458 3660 procuratoris
475 3576 521 3637 sni
538 3573 684 3655 legitimi,
711 3574 851 3636 similiter
879 3574 1100 3637 reambularent
1122 3580 1153 3639 et
1180 3575 1275 3657 siguis
1293 3576 1456 3639 metalibus

255 3684 486 3766 consignarent,
516 3688 547 3745 et
570 3682 596 3745 si
620 3682 687 3765 ipse
708 3686 812 3765 partes
834 3682 862 3745 in
886 3681 1055 3747 huiusmodi
1073 3682 1369 3747 reambulacionibus
1387 3704 1457 3748 con·

254 3792 364 3859 cordes
388 3791 511 3864 tierent,
541 3794 613 3854 tunc
636 3788 763 3854 cuilibet
778 3792 857 3875 parti
873 3810 958 3854 suum
973 3792 1021 3873 jus
1040 3794 1312 3874 possessionarinm
1331 3792 1456 3857 euiden-

254 3901 334 3967 tibus
360 3904 463 3974 metis,
492 3898 530 3962 ab
554 3900 683 3963 inuicem
713 3898 888 3963 distinctum
910 3899 1117 3983 relinquerent
1140 3906 1170 3962 et
1188 3902 1415 3965 committerent
1428 3904 1454 3965 io

255 4018 435 4094 perpetuum
457 4008 685 4093 possidendum.
718 4006 859 4071 Partibus
888 4027 960 4071 uero
983 4009 1011 4069 in
1042 4006 1211 4071 buiusmodi
1235 4006 1455 4075 reambulacio-

258 4116 347 4181 nibus
359 4121 391 4180 et
403 4122 546 4180 metamm
559 4116 766 4181 erectionibus
779 4114 1034 4187 discordantibus,
1043 4117 1220 4197 particulam
1227 4118 1453 4201 possessionum

259 4226 340 4289 inter
362 4223 531 4288 huiusmodi
550 4224 802 4288 determinatores
824 4231 970 4288 metarum
993 4225 1022 4286 in
1050 4223 1103 4286 lite
1131 4231 1337 4289 remanentem
1363 4228 1454 4309 signis

258 4331 417 4397 mctalibus
434 4332 652 4414 consignando,
667 4333 718 4396 uel
735 4333 761 4396 si
778 4334 944 4396 mensurari
962 4332 1121 4415 nequieret
1138 4335 1203 4397 uiso
1221 4334 1453 4403 considerando.

256 4444 475 4527 circumspectu
500 4441 565 4506 eius
588 4440 746 4525 qualitate,
773 4442 955 4526 quantitate,
985 4440 1111 4503 utilitate
1134 4447 1166 4503 et
1187 4442 1289 4504 ualere
1307 4464 1366 4505 una
1390 4465 1451 4507 cnm

256 4550 321 4613 aliis
338 4550 440 4634 probis
465 4551 538 4613 oriris
562 4551 756 4614 aestimarent
772 4550 859 4631 regni
875 4549 946 4634 lege
962 4547 1152 4633 requirente:
1178 4548 1290 4613 ibidem
1308 4554 1400 4616 etiam
1415 4550 1450 4623 id,
