3059 5067
283 376 360 449 uls

282 551 417 617 ecclesie
431 554 461 616 in
476 554 572 621 Arest
587 555 744 639 pertinere
758 554 943 627 dinoscitur,
968 560 1118 619 rectorem
1135 552 1316 617 institui-us
1331 570 1390 637 per
1404 570 1478 635 pre·

281 666 404 734 sentes,
444 664 602 747 ipsumque
632 665 664 727 in
695 682 855 747 personam
887 663 991 728 dilecti
1021 665 1050 727 iu
1082 663 1196 728 chrism
1226 662 1376 729 Heinrici
1406 660 1482 725 dicti

281 769 469 858 Sodmlhsp,
492 771 594 835 clerici
609 772 811 837 Pctucicncis
827 772 1034 855 procuratoris
1049 771 1145 855 ipsius
1165 772 1267 835 fratris
1289 770 1422 836 Nicolci
1443 769 1482 833 ad

283 877 341 941 troc
352 879 488 958 legitime
497 880 652 946 constituti
668 900 724 963 per
735 881 843 944 librum
860 878 1039 945 innectimus
1054 880 1300 962 pronominaliter
1315 877 1357 941 de
1373 877 1481 941 eadem

281 988 392 1051 Curam
418 991 581 1055 animarum
610 1012 646 1055 ac
669 990 708 1053 nd
735 990 953 1055 institutionem
983 990 1180 1073 spiritualium
1208 994 1241 1053 et
1267 986 1480 1071 temporalium

281 1097 378 1181 ipsius
411 1100 633 1163 committentes
660 1099 778 1171 eidem:
818 1098 918 1181 Quare
953 1098 1130 1163 discretioni
1156 1104 1208 1163 tue
1234 1094 1419 1162 comittimus
1448 1100 1481 1158 et

283 1204 466 1277 mandamus,
482 1207 621 1292 quatinus
637 1207 767 1270 eundem
782 1206 905 1271 fratrom
918 1206 1087 1274 Nicolaum
1103 1206 1336 1289 incorporalem
1353 1224 1484 1289 posses-

284 1315 400 1377 sionem
418 1314 558 1397 predicte
584 1314 717 1380 ecclesie
733 1317 765 1378 in
781 1314 891 1388 lico,
908 1336 945 1380 ac
960 1318 1091 1382 omnium
1115 1316 1221 1380 iun-inm
1237 1322 1267 1379 et
1283 1314 1486 1398 pertinentia-

284 1442 349 1485 rum
365 1423 460 1505 ipsius
476 1421 601 1487 inducas
624 1432 655 1487 et
677 1424 824 1490 delendas
841 1426 1011 1498 inductum,
1034 1425 1152 1489 inciens
1175 1424 1233 1487 sibi
1256 1424 1294 1487 de
1318 1421 1482 1494 fructibus,

283 1529 471 1603 redditibus,
488 1532 686 1615 prouentibus
705 1580 714 1604 ,
731 1534 848 1599 iuribus
865 1541 896 1597 st
912 1533 1150 1599 obuencionibus
1167 1532 1315 1597 rniuersis
1330 1530 1369 1595 nd
1386 1532 1485 1614 ipsum

284 1640 693 1724 spectantibusalaomuilous
701 1660 827 1727 quorum
837 1644 975 1716 interest,
983 1642 1301 1727 intcgreresponderi.
1320 1640 1486 1704 Contradi-

285 1754 386 1813 ctores
394 1755 425 1814 et
433 1749 567 1815 rebelles
575 1755 865 1817 auctoritatenostra
879 1772 1097 1837 percensuram
1110 1750 1490 1816 ecclesiasticamtirmiter

286 1860 521 1941 compescendo.
558 1862 665 1925 Datum
682 1865 834 1936 Patauio,
858 1862 908 1927 die
925 1862 1041 1943 nntriiij⁰
1056 1864 1168 1925 mensis
1185 1860 1256 1927 Julii
1273 1862 1358 1923 Anno
1376 1857 1490 1923 domini

286 1966 456 2042 ttittesimo,
470 1969 714 2044 'trecentesimo
731 1972 939 2056 octuagesimo
957 1972 1065 2056 primo.

358 2114 476 2184 original
489 2116 538 2170 ani
548 2116 706 2184 Pergameni
717 2117 765 2172 mit
777 2118 990 2189 secret-siegel.

815 2268 945 2382 'cccc

286 2439 368 2514 litt,
386 2440 429 2501 dl.
442 2440 574 2515 folmu,
597 2442 683 2503 Uict.
697 2475 733 2485 -
746 2444 807 2499 Der
821 2442 1074 2515 cardinal-Lepci
1087 2441 1183 2498 Pilcco
1195 2439 1328 2509 dectdtipt
1340 2438 1395 2495 der
1405 2437 1491 2495 Adici

286 2531 506 2602 Heilipenlrrecc
527 2534 574 2589 die
597 2552 655 2590 oon
676 2536 740 2591 dem
760 2533 1057 2605 (lordicat-Legatos
1076 2534 1169 2592 (luido
1196 2530 1491 2605 (catasscopus

291 2622 396 2695 1360)
410 2627 542 2681 enoirlrtc
559 2626 621 2683 und
636 2642 691 2683 con
703 2627 766 2682 dean
780 2627 1084 2700 Dioscoron-Biscloofe
1104 2626 1250 2695 concupis
1263 2623 1489 2697 incorporation

671 2719 723 2775 der
736 2718 925 2793 Pforrlrircdc
937 2736 975 2775 co
987 2716 1092 2775 Aloud.

377 2846 488 2913 Picens
503 2848 704 2913 miseracione
725 2849 825 2913 diuina
842 2849 919 2913 tituli
942 2852 1049 2912 sancte
1066 2845 1210 2911 liraxedis
1228 2844 1394 2928 Presbyter
1411 2844 1489 2909 Car·

287 2953 396 3019 dinalis
417 2955 454 3019 ad
476 2957 554 3019 inira
577 2958 691 3041 scripta
715 2958 882 3040 apostolica
907 2956 1086 3021 auctoritate
1102 2954 1241 3020 suffultus
1259 2952 1382 3018 dilectis
1399 2952 1489 3017 nobis

291 3064 321 3125 in
349 3062 469 3129 Christo
490 3065 600 3129 Abbati
628 3073 658 3130 et
683 3067 853 3131 Conuentui
880 3067 1057 3131 lttonasterii
1083 3067 1202 3132 Sancte
1229 3064 1340 3129 Crucis
1363 3061 1490 3125 Ordinis

289 3173 516 3247 cisterciensis,
534 3176 739 3241 Pctccienaia
755 3176 901 3249 diocesis,
916 3175 1043 3239 salntem
1059 3177 1089 3237 in
1107 3174 1243 3238 Domino.
1268 3172 1366 3237 dusiis
1382 3176 1492 3255 peten-

289 3284 368 3349 cium
385 3283 550 3349 desideriis
573 3284 779 3366 dignumst,
808 3305 863 3349 uos
881 3285 1001 3349 facilem
1025 3282 1155 3368 prebere
1178 3299 1334 3347 assensum
1361 3285 1489 3351 etanta.

289 3412 350 3477 que
365 3413 382 3455 a
399 3393 525 3457 ratioms
540 3394 659 3456 tramite
676 3413 734 3457 non
752 3393 937 3466 discordant,
955 3392 1067 3457 effecto
1084 3393 1305 3475 prosequentes
1322 3387 1490 3473 complere.

290 3502 508 3584 Vestrisigitur
519 3502 550 3567 in
565 3504 717 3587 hacpartc
728 3502 1006 3587 supplicacionibns
1019 3506 1108 3583 grato
1121 3503 1339 3565 concurrentes
1349 3516 1490 3567 assensu.

291 3611 505 3681 annexiocem‚
533 3612 671 3675 unionem
689 3618 720 3677 et
737 3613 1019 3697 incorporacionem
1035 3609 1218 3694 parochialis
1235 3607 1370 3673 ecclesie
1388 3606 1491 3671 Sancti

291 3719 419 3803 Georgii
434 3721 466 3782 in
482 3720 577 3785 ncne
591 3720 672 3785 dicte
687 3720 832 3792 diocesis,
850 3721 937 3787 robis
955 3725 985 3785 et
1000 3724 1100 3785 restro
1118 3716 1300 3781 llonasterio
1317 3736 1377 3800 per
1392 3716 1489 3780 felicis

291 3826 519 3892 recordacionis
548 3826 619 3892 olim
648 3824 840 3893 cardinalem
872 3828 1069 3899 Gnoidoncm,
1098 3834 1169 3890 tunc
1195 3824 1375 3909 Apostolice
1403 3824 1490 3889 Sedis

291 3937 440 4018 legatum,
469 3936 565 4001 tactas
593 3943 624 3999 et
650 3958 708 4022 per
728 3937 940 4003 Reuereudum
969 3936 1088 4000 Patrem
1105 3934 1286 4018 Episcopum
1316 3926 1490 3999 Pctccicn·

291 4066 377 4117 san,
413 4046 473 4109 loci
507 4044 699 4109 Ordinarium
730 4044 941 4117 confirmatas,
974 4051 1055 4107 ratas
1083 4042 1231 4107 habentes
1262 4048 1354 4125 atque
1379 4046 1488 4123 gratus.

293 4174 345 4218 eas
362 4155 543 4219 auctoritate
558 4155 741 4239 apostolica,
771 4174 828 4239 qna
852 4156 1020 4237 fungimur,
1049 4158 1157 4217 tenore
1172 4150 1366 4236 presencium
1384 4148 1489 4217 confir

290 4283 407 4327 mamus
423 4270 455 4327 et
471 4265 624 4345 presentis
642 4265 749 4347 scripti
765 4263 935 4347 patrocinio
951 4260 1177 4327 communimus.
1205 4258 1285 4323 Nulli
1301 4278 1382 4343 ergo
1399 4257 1487 4323 Ιιιιιιί-

296 4392 363 4437 num
377 4373 467 4437 liceat
480 4374 711 4456 hancfpaginam
724 4380 828 4439 nostre
842 4373 1086 4439 confirmacionis
1103 4380 1135 4435 et
1150 4370 1371 4433 communionis
1388 4368 1486 4433 inirin-

296 4500 393 4563 gore‚
410 4478 459 4543 rel
476 4484 505 4546 oi
522 4501 594 4545 ausu
611 4484 772 4548 temerario
799 4484 959 4547 contraire.
985 4480 1018 4546 Si
1035 4483 1103 4568 quis
1127 4487 1225 4544 autem
1238 4479 1297 4543 hou
1311 4482 1486 4561 attemptare

295 4590 529 4674 presumpserit,
558 4592 800 4671 indignacionem
836 4590 1049 4677 omnipotentis
1078 4590 1134 4654 Dei
1162 4593 1194 4652 et
1221 4586 1384 4653 locatorum
1415 4582 1486 4650 Petri
