3059 5067
273 360 348 431 124

268 535 446 601 decoramur
466 535 602 600 altissimi
630 535 839 602 desideramus
861 534 1004 610 efficere,
1030 536 1111 600 sicut
1133 534 1189 601 lus
1216 536 1409 619 expostulat,
1438 542 1469 599 et

267 642 363 707 dictat
393 644 474 707 racio
503 642 644 709 virtuosis
663 690 988 709 ........
1007 643 1065 707 lroc
1091 644 1172 708 inter
1202 649 1309 707 cetera
1342 642 1469 727 pietatis

268 770 361 835 opera
382 750 448 815 lore
480 770 639 815 censemus
663 752 859 835 precipuum,
883 758 917 817 ut
938 751 1079 837 personis
1102 758 1134 816 et
1155 751 1232 815 locis
1247 752 1417 834 Religiosis
1437 753 1469 815 in

268 863 458 943 augmentum
475 858 572 924 cultus
592 904 781 925 .....
800 880 866 924 mus
882 858 1052 931 comodum,
1069 859 1205 924 submoto
1232 859 1397 924 incomodo
1423 862 1468 925 iu·

269 968 388 1053 quietis.
422 966 572 1049 Quocirca
588 987 655 1032 cum
671 970 752 1033 viros
769 966 941 1051 Religiosos
955 968 987 1031 in
1003 960 1123 1032 OEsristo
1140 966 1227 1031 uobis
1243 967 1379 1033 dilectos
1397 1017 1406 1032 .
1441 1015 1452 1031 .

266 1074 439 1139 Abbatem.
475 1122 484 1140 .
521 1123 529 1139 .
567 1076 663 1140 ,terii
678 1076 797 1141 Sancte
812 1076 922 1143 umato
935 1076 966 1140 in
981 1078 1109 1149 austria,
1138 1076 1251 1139 ordinis
1268 1074 1468 1160 cystercien-

268 1182 322 1254 sis.
339 1182 528 1247 Patauiensis
544 1182 704 1268 llyocesis.
739 1184 899 1269 lpsomque
914 1185 1129 1250 Monsstesiom
1150 1182 1189 1248 ob
1212 1184 1324 1247 celibis
1348 1184 1412 1248 rite
1437 1190 1469 1247 et

268 1295 462 1359 Monostice.
500 1342 508 1359 .
545 1342 553 1358 .
590 1295 734 1379 .pollere
758 1297 940 1369 noscuntur,
967 1294 1167 1377 prestanciam
1190 1291 1337 1375 specialis
1354 1291 1468 1355 sacoma

268 1402 365 1468 nostri
385 1402 579 1487 prerogatius
605 1404 636 1467 in
658 1402 777 1469 domino
804 1402 1036 1485 amplectemur.
1063 1401 1237 1485 cupientes,
1266 1398 1468 1464 accolentes
1526 1455 1527 1466 ,

286 1558 295 1574 .
333 1558 340 1573 .
378 1557 385 1574 .
422 1509 540 1575 .Curie
552 1510 676 1576 celestis
687 1510 806 1575 laudem
818 1514 922 1576 nostro
933 1508 1125 1593 gratulentur
1135 1507 1291 1591 suffragio,
1308 1509 1468 1591 etgrariis

268 1616 452 1702 specialibus
467 1620 670 1703 perfruantur.
702 1620 780 1705 lpsis
807 1624 840 1683 et
860 1617 999 1702 predicto
1025 1618 1190 1681 Monoster.
1212 1636 1250 1681 es
1275 1616 1468 1681 munissent
1526 1645 1527 1701 t

270 1727 301 1789 et
328 1725 439 1789 domini
465 1728 559 1790 nostri
586 1729 746 1793 lit-idcrici
774 1728 973 1791 Romanorum
1003 1724 1097 1806 llegis
1125 1742 1248 1809 semper
1274 1725 1402 1807 augusti
1432 1742 1468 1787 aa
1526 1707 1527 1793 l

267 1832 391 1897 lllustris
410 1834 544 1907 Ottoais,
568 1835 661 1901 Ducis
682 1835 804 1903 Austris
826 1838 859 1901 et
885 1835 988 1919 Styrie
1012 1834 1135 1897 fratrum
1154 1879 1344 1897 .....
1366 1832 1465 1897 libera
1526 1843 1527 1920 ξ

268 1940 421 2006 uoluntate
444 1948 475 2007 et
497 1948 581 2008 certa
609 1944 760 2017 scientis,
785 1964 843 2008 non
860 1942 948 2016 dolo,
971 1964 1029 2007 nec
1049 1940 1156 2007 iraode
1172 1941 1390 2013 obsumuenti,
1411 1940 1468 2004 sed

268 2054 383 2115 maturo
399 2052 524 2115 consilio
540 2056 571 2116 et
586 2051 804 2117 deliberatione
819 2050 986 2137 probabitis
1005 2097 1285 2115 .......
1303 2047 1468 2112 etlibers·
1526 2041 1527 2096 l

267 2156 336 2221 liter
357 2157 387 2221 in
409 2160 515 2243 predio
536 2160 686 2245 ipsorum,
711 2160 793 2225 dicto
820 2161 1037 2246 Nydersultc,
1071 2157 1224 2223 iudicium
1252 2157 1415 2239 sanguinis
1437 2162 1469 2221 ct

267 2266 398 2329 omnium
415 2266 629 2351 suppliciorum
642 2274 672 2333 et
683 2268 963 2334 multarnmPenam
978 2268 1108 2351 impos.
1144 2314 1153 2331 .
1189 2314 1198 2328 .
1234 2266 1468 2329 ‚Truncnmet

267 2371 445 2448 Patibulum,
461 2375 626 2458 vulgariter
640 2375 715 2441 Stols
737 2381 769 2441 et
784 2377 913 2459 Golgen,
930 2376 1127 2459 nuncupatis.
1148 2378 1256 2438 maore
1275 2374 1467 2458 presentium

266 2478 391 2561 elargiri
404 2488 435 2547 et
446 2484 536 2547 etiam
548 2484 743 2568 presentibus
756 2484 881 2569 elargim
901 2531 1135 2549 ......
1154 2482 1214 2567 lpsi
1226 2480 1331 2545 dbbas
1347 2489 1380 2546 et
1392 2502 1468 2546 con-

267 2595 375 2653 uentus
399 2589 510 2654 ibidem
527 2591 690 2657 Patibulum
708 2594 737 2656 in
753 2594 820 2656 loco
839 2593 1021 2676 competenti
1038 2591 1156 2674 erigant
1176 2596 1207 2655 et
1221 2593 1372 2674 perpetuo
1393 2611 1467 2674 pre·

268 2694 414 2762 dictorum
437 2698 559 2765 fratrum
584 2706 753 2765 nostrorum
770 2721 806 2765 ac
821 2722 876 2765 m.
914 2748 922 2764 .
959 2748 968 2764 .
1004 2699 1133 2771 ‚beant
1157 2718 1212 2782 per
1227 2718 1301 2762 suos
1316 2698 1467 2765 officiales

266 2804 296 2868 in
314 2804 395 2869 dicto
408 2808 670 2890 prediojodicinm
683 2816 874 2893 prenotatum
890 2829 1036 2874 exercere
1048 2813 1080 2873 et
1091 2808 1205 2873 babere
1220 2828 1291 2873 com
1305 2806 1466 2893 suppliciis

266 2915 440 2997 prenotatis.
453 2914 615 2982 inhibem.
652 2965 660 2981 .
691 2964 699 2980 .
730 2966 738 2981 .
776 2915 1465 3000 .gulisllitioninostresubiectis,nequords
1526 2991 1527 2994 Ἴ

267 3022 366 3086 studio
380 3023 428 3088 uel
441 3024 557 3089 cautela
570 3024 609 3089 de
619 3026 749 3093 lureuel
761 3029 800 3092 de
811 3029 891 3092 lacto
904 3026 1203 3109 venirepresumsnt‚
1215 3023 1465 3101 contragensium

285 3176 294 3193 .
330 3174 339 3192 .
375 3175 383 3192 .
406 3152 461 3197 seu
477 3134 505 3197 ei
522 3134 747 3219 quomodolibet
762 3154 835 3199 ausu
852 3134 1014 3198 temerario
1031 3133 1201 3204 conmaire,
1228 3132 1312 3195 siout
1326 3132 1465 3213 omnipo-

268 3239 361 3303 tentis
383 3240 439 3305 Dei
464 3240 566 3325 dyram
588 3241 733 3307 ulcionem
764 3250 958 3328 nostramque
988 3246 1020 3306 et
1052 3258 1263 3305 successorum
1295 3244 1466 3303 nostrornm

287 3392 521 3413 ......
541 3355 572 3415 et
585 3350 744 3416 uindictam
757 3352 904 3418 soluerint
916 3351 1041 3415 euitare.
1058 3350 1091 3413 ln
1103 3350 1189 3413 cuius
1201 3348 1248 3411 rei
1261 3347 1466 3413 testimoninm

268 3461 430 3538 presentes
446 3456 563 3521 litteras
588 3458 793 3541 predictorum
814 3461 938 3524 teatrum
961 3463 1129 3523 nostrorum
1146 3454 1257 3539 sigillis
1274 3456 1313 3519 ad
1331 3461 1465 3521 nostra

267 3563 329 3627 inst
348 3610 626 3630 .......
647 3567 787 3651 appensis
804 3570 947 3633 nostrove
964 3566 1064 3650 sigillo
1084 3566 1159 3649 ipsis
1179 3564 1359 3629 tradidimus
1375 3564 1466 3630 robo-

268 3675 358 3735 ratas.
383 3671 446 3737 Nos
463 3672 555 3757 igitur
570 3675 763 3749 Fridcrieuo,
780 3676 836 3739 Dei
852 3675 950 3757 gratia
966 3673 1165 3738 Romanorum
1181 3676 1245 3739 llex
1260 3693 1389 3759 semper
1407 3675 1467 3739 Au·

267 3786 375 3863 gustus
394 3829 584 3848 .....
605 3784 703 3850 Otto.
740 3784 873 3866 .gracia
895 3783 960 3846 Dux
981 3783 1102 3846 bustric
1124 3788 1156 3846 et
1176 3780 1279 3866 Styrie
1301 3784 1465 3865 prenotati.

267 3893 374 3953 tenore
386 3892 571 3973 presentium
584 3891 770 3975 profitemur,
782 3890 949 3975 predictam
962 3891 1095 3974 graciam
1107 3896 1138 3954 et
1150 3888 1364 3963 donacionem,
1387 3891 1466 3956 sicot

269 3996 307 4061 de
329 3997 422 4063 verbo
444 4000 480 4063 ad
502 4000 626 4066 verbum
644 4048 834 4066 .....
853 4004 938 4066 certa
961 4007 1061 4065 nostra
1091 4000 1239 4072 scientia,
1261 3998 1422 4064 voluntate
1436 4006 1467 4063 st
1526 3993 1527 3996 '

268 4126 394 4172 assensu
412 4128 482 4173 esse
495 4108 616 4183 lactum,
633 4128 719 4195 quam
732 4114 763 4173 ct
775 4129 830 4175 nos
842 4108 881 4173 ad
892 4109 987 4195 ipsius
1000 4108 1103 4173 fratris
1115 4109 1223 4180 nostri,
1235 4106 1332 4173 Ducis
1344 4108 1468 4173 ailberti

268 4214 444 4280 instanciam
464 4264 697 4284 ......
717 4218 953 4302 appensionibus
967 4214 1187 4282 confirmamus.
1207 4216 1314 4281 Datum
1333 4218 1465 4283 W'oesao

270 4342 346 4387 anno
359 4323 471 4387 domini
484 4322 644 4389 llillesimo
657 4326 884 4391 Trecentesimo
896 4326 1041 4391 uicesimo
1053 4330 1171 4392 octauo.
1184 4326 1216 4389 ln
1226 4323 1462 4391 diellatbarine.

342 4464 459 4535 Originsl
483 4468 531 4523 sul
549 4467 721 4538 Pergameni,
746 4469 809 4524 sebr
831 4468 972 4526 scirodhait
993 4468 1042 4523 mit
1063 4467 1147 4524 sinum
1176 4468 1376 4540 Siegsl·liest.
1401 4475 1464 4530 mi

269 4555 367 4612 audere
380 4557 470 4631 Siegel
494 4559 592 4613 lehleu.
