3059 5067
1186 330 1233 406 51

33 510 140 568 nostre
157 506 330 571 maiestatis
349 504 535 569 aecedentes
555 507 745 588 presenciam
770 507 914 591 quasdam
935 514 1035 573 terras
1055 509 1248 598 lchlndorf

35 616 66 677 et
82 615 267 700 Potesolorf
276 614 459 687 nominatas,
485 618 669 688 asserentes,
687 615 770 699 ipsas
792 620 897 681 nostre
914 617 1071 683 collacioni
1087 618 1240 702 pertinere

32 742 88 807 pro
104 723 213 789 salute
230 724 327 787 anime
344 726 446 788 nostre
463 743 479 786 a
502 723 588 788 nobis
610 722 749 807 predicte
771 725 905 790 ecclesie
921 733 1031 792 000010
1049 728 1159 793 Crucis
1174 726 1240 790 dari

33 835 64 895 et
75 833 218 896 conferri
229 832 383 897 humiliter
395 833 563 918 pecierunt.
588 831 650 895 Nos
662 832 754 914 igitur
766 835 1007 908 considerantes,
1018 834 1099 921 quod
1112 835 1240 919 Regiam

31 939 123 1005 decet
140 941 351 1015 maiestatem,
379 942 467 1005 iustis
488 941 661 1025 petencium
684 940 848 1007 desideriis
875 943 994 1008 facilem
1019 943 1151 1028 prebere
1168 965 1241 1010 oon·

33 1069 161 1113 sensum
187 1051 220 1113 in
247 1048 306 1113 hiis
335 1050 494 1137 preeique,
525 1070 585 1134 que
612 1048 720 1114 divinis
750 1049 864 1124 rebus,
898 1051 1118 1137 religionisque
1145 1052 1240 1118 cultui

33 1158 178 1222 uidentur
197 1179 267 1223 esse
285 1156 433 1241 proficua,
463 1154 571 1242 quibus
589 1177 644 1221 nos
664 1176 700 1221 eo
717 1160 814 1239 magis
831 1157 986 1223 debitores
1002 1161 1164 1234 eredimus,
1180 1182 1239 1245 quo

33 1267 112 1331 bona
129 1267 235 1331 omnia
252 1266 290 1329 de
307 1266 403 1348 ipsius
420 1264 558 1348 largitlua
581 1263 799 1329 beneuolencia
821 1269 1033 1349 cognoscimus
1050 1270 1239 1353 percepisse,

35 1375 190 1460 peticioni
216 1374 389 1439 eorumdem
414 1373 526 1438 domini
550 1374 668 1437 abbatis
692 1378 722 1438 et
743 1374 871 1439 fratrum
887 1395 1009 1441 suorum
1026 1382 1114 1458 grato
1132 1399 1239 1443 oecur-

35 1489 141 1549 rentes
159 1503 289 1548 assesso
308 1502 344 1546 ex
359 1482 544 1553 deuociona,
572 1502 659 1566 quam
676 1502 761 1547 more
778 1482 902 1547 aliorum
925 1483 1041 1567 Regum
1056 1487 1235 1573 Hesperie,

37 1594 269 1676 progenitorum
283 1594 452 1656 nostrorum
466 1591 523 1655 deo
537 1591 714 1655 deuotorum
728 1610 801 1675 erga
815 1593 942 1657 eandem
954 1592 1116 1658 ecclesiam
1127 1603 1238 1661 000010

38 1702 150 1766 Crucis
181 1700 358 1785 specialiter
386 1700 536 1781 gerimus,
567 1700 721 1782 predictas
753 1701 966 1783 possessiones
997 1702 1190 1789 Vogclodorf
1211 1707 1242 1766 et

39 1810 216 1893 Potcsclorf
226 1829 293 1874 eum
311 1809 408 1891 agris,
437 1808 532 1891 pratis
555 1812 586 1873 01
606 1808 760 1892 piscatura
788 1806 843 1872 sub
868 1810 999 1895 antiquis
1021 1810 1110 1875 metis
1128 1816 1158 1874 01
1174 1815 1239 1874 ter-

38 1917 127 1981 minis
151 1938 191 1982 00
218 1919 298 1989 1000,
327 1937 386 2001 quo
414 1921 518 1979 nostre
544 1916 639 1999 Regie
667 1914 825 1981 collacioni
854 1918 1011 2002 pertinere
1033 1918 1239 1992 dinoscuntur,

40 2024 136 2087 eidem
161 2025 298 2091 ecclesie
323 2034 433 2096 000010
451 2025 561 2090 Crocia
582 2026 612 2089 iu
636 2030 814 2111 perpetuam
840 2025 1048 2100 elemosinam,
1077 2030 1110 2091 ut
1133 2026 1239 2091 eadem

40 2131 172 2215 gloriosa
191 2155 265 2198 crux
284 2135 315 2197 10
332 2138 436 2198 eterne
457 2133 671 2198 retribucionis
688 2133 805 2217 gremio
830 2154 884 2197 nos
901 2136 1064 2199 clementer
1086 2136 1191 2199 foueat
1207 2142 1239 2200 et

41 2241 172 2314 solerer,
200 2241 356 2317 dedimus,
384 2242 559 2306 donauimus
588 2246 618 2305 01
646 2240 826 2306 contulimus
854 2248 1000 2327 perpetuo
1024 2242 1239 2327 possidendas,

42 2350 187 2413 tenendas
214 2355 246 2415 et
267 2350 433 2415 habendas.
472 2350 528 2423 ut,
552 2368 619 2414 cum
648 2353 809 2432 presentes
832 2350 917 2413 nobis
940 2355 1092 2435 reportate
1119 2351 1241 2424 fuerint,

43 2463 176 2523 nostrum
205 2480 298 2544 super
325 2459 384 2523 hoc
412 2458 603 2543 priuilegium
627 2457 692 2521 dari
714 2459 871 2523 iaciemus.
912 2460 1019 2523 Datum
1047 2459 1104 2523 sub
1131 2458 1239 2524 Castro

44 2566 206 2633 1100000000
233 2568 330 2632 100010
354 2567 404 2632 die
433 2566 609 2631 lestiuitatis
633 2565 715 2631 beati
743 2566 901 2632 Michaelis
928 2568 1127 2653 Archangeli,
1154 2570 1238 2632 Anno

44 2674 152 2741 domini
168 2678 227 2741 1111.
244 2674 345 2742 000⁰.
363 2677 480 2741 decimo
497 2675 637 2761 septimo.

112 2820 233 2893 original
245 2819 293 2875 ant
301 2820 470 2889 Pergament,
483 2818 580 2876 dassen
593 2818 771 2891 anlgcdruekt
782 2834 937 2890 gerasenos
949 2818 1041 2889 Sicgel
1053 2818 1128 2875 fehlt

590 2998 694 3078 Lllll.

48 3140 121 3216 1111,
147 3146 175 3204 t.
194 3144 321 3217 1010100,
345 3142 384 3201 lua
402 3142 492 3215 teger
508 3139 697 3201 certamem.
712 3173 745 3181 -
759 3142 854 3213 Konip
870 3141 1022 3197 11000001
1038 3141 1092 3197 111.
1111 3141 1241 3212 00010101

45 3233 92 3288 der
110 3238 194 3295 notet
209 3236 427 3307 Heiligcrslrrcuc
445 3234 502 3289 0110
521 3234 640 3297 1100110,
662 3233 824 3289 1101101100
841 3233 901 3289 und
921 3232 1060 3298 11000100,
1083 3234 1185 3289 0001010
1197 3234 1240 3289 sie

304 3343 368 3380 vom
381 3323 474 3393 chip
487 3322 562 3378 Korl
575 3341 631 3378 oon
648 3324 765 3393 Unqorn
779 3323 908 3377 erbolten
920 3323 978 3378 101.

130 3457 317 3521 Frirlericos
333 3456 390 3519 Dei
406 3453 509 3536 gracia
522 3452 718 3517 Romanorum
734 3453 797 3517 Rex
812 3472 933 3537 semper
944 3454 1097 3535 Augustus
1112 3453 1240 3518 Vniuer-

53 3563 90 3626 sis
105 3564 193 3630 Sacri
207 3563 339 3628 Romani
360 3563 481 3648 lmperii
503 3560 642 3627 fidelibus
669 3566 700 3625 et
720 3561 918 3646 specialiter.
938 3612 945 3626 .
963 3559 1084 3625 ludici.
1102 3612 1108 3627 .
1128 3562 1243 3627 duratis

56 3677 82 3735 et
107 3672 230 3741 Ciuibus
254 3672 514 3744 Posonc‘ensidos,
546 3692 604 3735 nec
631 3691 689 3735 000
717 3671 785 3735 aliis
814 3671 1054 3757 quibuscumque
1084 3676 1244 3754 presentes

53 3779 160 3848 litteras
186 3782 381 3865 inspecturis,
405 3782 543 3863 graciam
568 3800 651 3844 suam
676 3786 708 3843 01
729 3798 816 3843 omne
831 3779 952 3842 bonum.
990 3778 1115 3843 Gratum
1137 3777 1195 3842 deo
1213 3783 1244 3842 et

55 3890 235 3976 acceptabile
257 3890 443 3975 impendisse
466 3888 642 3971 obsequium
659 3885 854 3958 arbitramur,
882 3886 952 3950 dum
967 3905 1115 3969 personas
1132 3886 1241 3951 Eccle-

56 3997 185 4067 siasticas
203 4000 234 4065 in
251 4000 314 4063 suis
331 3998 526 4062 consonemus
543 3993 666 4059 Ι1001100
693 4000 725 4059 01
742 4015 778 4061 00
795 3996 869 4079 ipsis
886 3994 924 4058 ab
940 3994 1008 4058 aliis
1024 3992 1152 4059 tacimus
1168 4014 1244 4059 000-

56 4112 168 4175 servari.
194 4110 364 4193 Eapropter
381 4104 578 4170 Uniuersitati
595 4103 704 4167 Vestre
722 4102 916 4188 presentibus
933 4102 1137 4174 declaramus,
1163 4102 1244 4187 quod

57 4218 237 4283 attendentes
257 4215 388 4298 benigne
404 4211 521 4277 celabis
538 4212 600 4275 uite
616 4214 814 4296 preconium,
844 4232 902 4297 quo
921 4209 1120 4276 Honorabiles
1137 4210 1245 4274 01110-

58 4321 148 4406 ligiosi
163 4326 221 4391 viri
241 4374 249 4387 .
267 4373 274 4387 .
293 4322 394 4388 Abbas
417 4327 448 4386 et
464 4319 638 4385 Conueutus
655 4320 830 4386 blonasterii
845 4321 964 4386 Sancte
982 4319 1102 4393 Crucis,
1121 4318 1244 4382 Ordinis

60 4428 268 4518 cysterciensis
285 4430 475 4498 Patauiensis
498 4428 639 4512 dyocesis
667 4431 761 4493 nostri
788 4428 893 4494 dilecti
916 4429 1018 4493 deuoti
1042 4426 1152 4492 diuinis
1169 4427 1245 4491 insi·

61 4550 160 4611 slantes
174 4544 314 4611 laudibus
328 4540 589 4613 commendantem
608 4538 673 4603 Nee
688 4560 746 4603 000
764 4539 853 4605 fidem
871 4559 906 4603 ae
920 4539 1124 4611 decretionem,
1138 4536 1246 4621 quibus

987 4646 1027 4700 μ
