3059 5067
256 382 334 454 300
399 398 403 417 ·

250 579 305 644 pro
322 560 503 623 monseerio
518 562 551 623 el
564 556 709 623 fatribus
723 558 788 621 suis
805 562 992 631 necessaris,
1016 566 1086 646 puts
1103 561 1208 636 boues.
1224 584 1346 637 necess,
1364 584 1450 637 oues,
1527 564 1529 611 i

250 668 371 741 vilulos‚
386 665 508 753 porcos,
524 667 633 753 pullos,
649 686 769 739 caseos,
787 669 966 733 frumentum
980 674 1012 734 el
1028 671 1084 735 elie
1098 692 1284 758 quecumque
1297 673 1449 747 victualis,
1528 660 1529 707 3

251 779 467 863 cuiuscumque
483 780 607 861 generis
631 776 776 848 existunt,
801 784 832 841 et
855 774 951 841 lenem
978 778 1017 843 de
1033 780 1112 845 villis
1135 786 1166 845 el
1182 780 1280 847 Curiis
1297 802 1406 846 eorum
1420 784 1450 847 in
1528 780 1529 783 ’

251 906 348 969 regno
364 894 468 954 nostro
481 888 648 953 habiles-um
664 893 696 951 et
710 886 904 951 existenciuni
923 889 1120 954 enuoducere
1134 890 1230 954 select
1246 897 1339 975 atque
1352 892 1452 974 possit

250 1000 319 1062 sine
344 997 448 1063 tributi
475 996 632 1063 solucione
655 994 784 1080 pacifice
807 1000 839 1061 el
868 996 991 1079 quiete,
1029 998 1199 1063 llendsmus
1224 999 1319 1082 igilur
1347 1006 1451 1065 vestre

251 1105 387 1171 lilleliinli
409 1106 494 1171 firmo
511 1106 607 1189 Regio
624 1104 680 1171 sub
696 1106 797 1170 edicto
814 1106 933 1167 omuino
950 1104 1103 1178 volentes,
1130 1113 1276 1192 quatenus
1300 1108 1451 1193 deinceps

253 1216 292 1281 de
314 1217 472 1301 premissis
501 1223 532 1279 et
559 1216 653 1281 eciem
677 1216 745 1279 eliis
768 1214 1004 1301 quibuscumque
1027 1215 1224 1289 victualibus,
1252 1236 1312 1302 que
1330 1218 1451 1303 preleio

254 1325 355 1390 abbati
370 1326 410 1389 de
424 1325 547 1392 Sancto
563 1327 663 1392 Crucc
684 1322 740 1388 sub
762 1325 954 1408 presencium
976 1323 1160 1390 conscencia
1189 1326 1217 1389 in
1245 1325 1387 1391 curtillus
1404 1332 1454 1391 sul

252 1436 339 1519 equis
361 1432 400 1498 de
420 1433 500 1498 uillis
521 1440 553 1497 et
574 1432 672 1499 Curiis
700 1432 763 1497 suis
787 1432 824 1497 ad
841 1433 1004 1499 Aetnam
1020 1434 1198 1499 deferuntur
1214 1455 1267 1499 seu
1285 1435 1450 1520 pelluuiuc,

252 1542 284 1607 iu
308 1543 386 1608 locis
413 1541 593 1609 bibulorum
615 1547 783 1608 vestrorum
807 1540 918 1606 nullum
940 1542 1081 1609 tribulum
1098 1544 1238 1627 recipere
1253 1565 1308 1609 seu
1326 1548 1453 1629 exigere

255 1652 453 1737 presumatis,
481 1652 537 1716 sed
552 1652 732 1734 permittetis
748 1650 921 1715 huiusmodi
937 1652 1077 1717 victualis
1095 1650 1237 1737 specifice
1254 1654 1408 1718 nominate
1423 1658 1454 1718 ei

252 1761 311 1826 slis
326 1780 524 1846 quecumque,
540 1766 574 1823 ut
584 1761 747 1843 prefertur,
764 1760 863 1825 eidem
882 1760 981 1825 sbbnli
1000 1762 1131 1839 deferre,
1146 1761 1290 1847 quociens
1307 1763 1453 1847 optimum
1528 1798 1529 1853 3

253 1872 344 1935 fuerit
360 1876 391 1936 ci
405 1888 548 1943 necesse,
565 1870 632 1934 sine
648 1867 753 1933 tributi
769 1868 923 1934 solucione
938 1876 971 1934 et
986 1871 1100 1955 absque
1117 1869 1329 1954 inpedimento.
1357 1870 1453 1935 Vobis

252 2000 326 2045 sero
341 1982 482 2065 speciose
497 1978 702 2048 consilienles,
720 1982 866 2060 quatenus
883 1980 993 2043 iratres
1008 2000 1063 2043 seu
1080 1982 1242 2045 monachos
1258 1980 1332 2045 dicti
1349 2000 1456 2044 mons·
1527 1972 1529 2055 l

252 2090 354 2159 elerii,
377 2088 445 2153 dum
467 2089 497 2152 in
513 2106 611 2169 regno
628 2091 729 2151 nostro
746 2087 931 2170 procellunt,
956 2089 1034 2153 nulls
1056 2089 1178 2153 cesione
1194 2090 1224 2151 in
1241 2087 1316 2152 locis
1334 2088 1451 2152 uestris

249 2196 415 2263 tributariis
431 2196 569 2279 inpedire
584 2194 736 2268 audentis,
760 2216 817 2261 nec
833 2196 976 2261 tribulum
992 2198 1134 2281 recipere
1150 2197 1187 2262 sb
1204 2197 1336 2269 eisdem,
1359 2196 1452 2261 Aliud
1528 2242 1529 2291 ff

250 2328 310 2371 non
332 2308 450 2371 lecturi.
489 2306 598 2369 Datum
619 2307 650 2369 in
671 2304 780 2392 lipclse
803 2307 831 2368 iu
855 2305 934 2369 lesio
958 2306 1114 2370 diuisionis
1139 2306 1343 2390 apostolorum
1368 2326 1448 2370 enno
1528 2352 1529 2355 ,

253 2416 366 2481 domiui
379 2416 434 2480 Μ’.
451 2414 550 2480 000⁰.
565 2414 683 2479 lxxiiii0.
714 2413 878 2479 Presentes
892 2420 990 2479 nutem
1004 2422 1160 2501 postquem
1174 2421 1329 2500 reportate
1341 2416 1456 2481 luerint
1528 2474 1529 2477 ,

255 2526 311 2590 suo
324 2527 428 2589 maiori
442 2525 544 2607 sigillo
557 2529 662 2588 nostro
675 2525 805 2587 emensri
819 2524 975 2587 iaciemus.
1001 2526 1107 2589 Delum
1120 2530 1256 2607 utsupra
1270 2524 1454 2611 (episeopus
1527 2532 1529 2609 l

259 2635 483 2723 vesprimensis
500 2630 701 2716 ladislaum).
731 2632 770 2695 ut
786 2633 844 2697 hoc
861 2633 940 2696 idern
957 2631 1226 2697 tricesimetoribus
1244 2633 1357 2697 nostris
1374 2633 1455 2719 ipsi·

255 2762 351 2828 usque
367 2743 433 2807 uice
447 2740 625 2827 gerentibus
641 2741 823 2823 iniungimus
840 2744 980 2826 speciose
997 2740 1175 2807 laciendum.
1201 2742 1308 2806 Datum
1327 2746 1456 2805 utente.
1528 2722 1529 2803 l

327 2885 445 2956 Originsl
465 2884 512 2939 sul
521 2886 690 2954 Pergamum
716 2884 765 2938 dns
780 2884 945 2955 abgelnllone
958 2886 1048 2956 siegel
1068 2900 1121 2939 wer
1135 2886 1201 2939 uber
1214 2884 1261 2939 der
1275 2884 1458 2940 Uulerschrill

256 2976 304 3033 ce·
316 2978 495 3049 Wessprimer
506 2976 643 3032 lliscluoles
656 2976 839 3047 sulgsdrlicll.

746 3156 963 3237 CCLXXlll.

254 3302 328 3374 ills,
349 3302 381 3360 ll.
395 3302 511 3375 iuguli,
520 3300 606 3361 Uien.
621 3333 654 3341 —
668 3303 775 3357 Revera
792 3302 967 3374 Wolflorsl's
979 3301 1028 3357 des
1042 3302 1126 3376 Oros,
1138 3304 1265 3373 Biquers
1279 3320 1335 3357 oon
1352 3304 1443 3365 Wien,

258 3411 298 3449 soc
309 3392 356 3449 dle
374 3394 453 3447 Alles'
466 3393 684 3462 Heilipenlnreus
714 3403 809 3463 weqen
826 3393 903 3448 eines
931 3412 984 3448 ons
998 3394 1098 3450 Gnade
1116 3393 1288 3464 lesoilliplcn
1309 3395 1455 3449 Einbancs

276 3484 353 3540 eines
367 3484 508 3539 Gemolics
520 3484 552 3538 in
565 3483 611 3539 die
624 3484 727 3539 Moser
739 3482 787 3538 des
800 3484 851 3537 cler
863 3484 944 3539 Alles'
956 3484 1105 3555 peloriqen
1121 3486 1278 3558 Grnslsofes
1290 3487 1321 3541 in
1341 3484 1433 3541 Wicn.

343 3613 395 3680 lch
422 3614 577 3698 Wolsloorl
600 3611 655 3677 der
680 3615 770 3698 Grof
784 3634 896 3696 purger
925 3636 959 3678 ce
986 3616 1094 3681 Wieom
1116 3616 1174 3681 und
1196 3616 1244 3678 ich
1266 3616 1362 3680 Anna
1384 3616 1451 3679 sein
1528 3624 1529 3643 ¹

255 3725 434 3790 housurowe
450 3723 509 3787 uod
532 3721 590 3784 alle
613 3740 703 3785 unser
719 3722 831 3794 Erben,
854 3723 911 3785 wic
931 3724 1085 3804 uei-gehen
1102 3717 1151 3786 flur
1170 3744 1224 3788 vus
1242 3724 1300 3787 und
1322 3718 1373 3788 fuir
1398 3722 1456 3787 nlle

255 3832 572 3903 vnsenNschlllmen‚
602 3831 653 3895 (lie
675 3853 764 3895 unser
786 3832 873 3895 llews
896 3833 1026 3915 gelegeu
1054 3854 1090 3895 nn
1112 3832 1178 3897 dem
1197 3836 1284 3899 allen
1306 3834 1452 3902 Fleison-

254 3944 379 4009 morcll
403 3963 438 4005 se
459 3928 566 4007 ll'ienn
590 3942 666 4005 naclu
690 3962 742 4005 vus
758 3942 942 4006 innehsbent
959 3942 1018 4007 und
1034 3942 1198 4015 besilneut,
1224 3944 1281 4007 und
1305 3949 1357 4009 lun
1382 3945 1455 4009 luni
1528 3990 1529 3993 ,

257 4050 415 4117 olleuleich
438 4050 492 4114 mit
515 4051 582 4114 dem
605 4049 702 4123 brief,
728 4052 789 4115 uss
812 4072 865 4115 vus
889 4052 938 4116 die
964 4052 1074 4117 esbern
1098 4053 1306 4118 Geislleiohen
1331 4054 1452 4129 herren,
1528 4032 1529 4093 l

256 4159 369 4245 prudeu-
386 4158 546 4231 Cleolmnn,
573 4178 609 4223 zu
627 4159 686 4223 den
702 4160 800 4224 seiten
817 4160 898 4225 subt
914 4161 982 4226 dulc
1006 4160 1072 4225 dem
1095 4162 1381 4251 Heilo'penclnrewlz
1398 4162 1455 4224 und
1528 4222 1529 4237 ,

258 4270 314 4334 der
330 4266 466 4333 Conuenl
480 4270 620 4350 gemniue
636 4269 798 4335 dnsellsens
814 4270 908 4335 dunch
923 4290 1030 4335 unsel-r
1046 4271 1104 4334 und
1120 4270 1230 4335 andern
1245 4269 1353 4334 erbari-
1368 4271 1455 4334 hest

259 4381 424 4458 vleizziger
448 4389 499 4463 pet
522 4379 621 4443 willen
644 4401 699 4444 son
722 4380 842 4461 gnuden
859 4380 985 4445 erlowbi
1000 4380 1128 4452 hebent,
1157 4382 1211 4445 des
1229 4380 1282 4443 wis
1298 4380 1452 4460 gewelloet

263 4489 360 4554 huben
384 4488 413 4551 in
436 4489 463 4552 ir
477 4488 587 4561 llswu,
615 4486 665 4553 die
682 4488 720 4553 do
735 4487 848 4573 gehori
866 4510 901 4553 uu
918 4489 973 4551 inm
991 4488 1095 4561 ilaus,
1124 4489 1177 4552 das
1199 4488 1238 4553 do
1260 4487 1381 4552 lusisset
1404 4489 1455 4554 der

265 4598 413 4684 Grcelnof,
430 4598 488 4663 und
505 4596 630 4661 dauns
646 4618 681 4662 so
699 4598 853 4682 uei-gehen
869 4600 936 4674 wir,
952 4599 1007 4663 dez
1024 4598 1079 4661 wic
1094 4598 1152 4663 und
1169 4597 1226 4662 elle
1243 4617 1335 4661 uusen
1354 4597 1449 4662 Enbeu
