<?xml version="1.0" encoding="UTF-8"?>
<!DOCTYPE html PUBLIC "-//W3C//DTD XHTML 1.0 Transitional//EN"
    "http://www.w3.org/TR/xhtml1/DTD/xhtml1-transitional.dtd">
<html xmlns="http://www.w3.org/1999/xhtml" xml:lang="en" lang="en">
 <head>
  <title>
</title>
<meta http-equiv="Content-Type" content="text/html;charset=utf-8" />
  <meta name='ocr-system' content='tesseract 3.04.00' />
  <meta name='ocr-capabilities' content='ocr_page ocr_carea ocr_par ocr_line ocrx_word'/>
</head>
<body>
  <div class='ocr_page' id='page_1' title='image "./relationenvenet13fiedgoog_0128.png"; bbox 0 0 3059 5067; ppageno 0'>
   <div class='ocr_carea' id='block_1_1' title="bbox 286 372 362 445">
    <p class='ocr_par' dir='ltr' id='par_1_1' title="bbox 286 372 362 445">
     <span class='ocr_line' id='line_1_1' title="bbox 286 372 362 445; baseline 0 0"><span class='ocrx_word' id='word_1_1' title='bbox 286 372 362 445; x_wconf 79' lang='lat'>116</span> 
     </span>
    </p>
   </div>
   <div class='ocr_carea' id='block_1_2' title="bbox 272 540 1530 2899">
    <p class='ocr_par' dir='ltr' id='par_1_2' title="bbox 272 540 1530 2899">
     <span class='ocr_line' id='line_1_2' title="bbox 280 540 1483 633; baseline -0.006 -20"><span class='ocrx_word' id='word_1_2' title='bbox 280 548 467 623; x_wconf 87' lang='lat' dir='ltr'>consistere,</span> <span class='ocrx_word' id='word_1_3' title='bbox 491 567 548 613; x_wconf 88' lang='lat' dir='ltr'>nec</span> <span class='ocrx_word' id='word_1_4' title='bbox 573 566 631 632; x_wconf 90' lang='lat' dir='ltr'>per</span> <span class='ocrx_word' id='word_1_5' title='bbox 652 547 809 633; x_wconf 78' lang='lat' dir='ltr'><strong>quospiam</strong></span> <span class='ocrx_word' id='word_1_6' title='bbox 832 548 918 633; x_wconf 92' lang='lat' dir='ltr'>lapsu</span> <span class='ocrx_word' id='word_1_7' title='bbox 939 552 1106 631; x_wconf 89' lang='lat' dir='ltr'>temporum</span> <span class='ocrx_word' id='word_1_8' title='bbox 1126 548 1156 610; x_wconf 91' lang='lat' dir='ltr'>in</span> <span class='ocrx_word' id='word_1_9' title='bbox 1177 545 1299 610; x_wconf 88' lang='lat' dir='ltr'>irritum</span> <span class='ocrx_word' id='word_1_10' title='bbox 1315 540 1483 630; x_wconf 81' lang='lat' dir='ltr'>possitorl</span> 
     </span>
     <span class='ocr_line' id='line_1_3' title="bbox 278 653 1484 742; baseline -0.005 -21"><span class='ocrx_word' id='word_1_11' title='bbox 278 657 378 723; x_wconf 86' lang='lat' dir='ltr'>ualeat</span> <span class='ocrx_word' id='word_1_12' title='bbox 402 656 589 742; x_wconf 88' lang='lat' dir='ltr'>aliquatenus</span> <span class='ocrx_word' id='word_1_13' title='bbox 613 658 775 730; x_wconf 90' lang='lat' dir='ltr'>reuocari,</span> <span class='ocrx_word' id='word_1_14' title='bbox 804 660 962 739; x_wconf 77' lang='lat' dir='ltr'>presentes</span> <span class='ocrx_word' id='word_1_15' title='bbox 984 656 1186 720; x_wconf 77' lang='lat' dir='ltr'><strong>concessimus</strong></span> <span class='ocrx_word' id='word_1_16' title='bbox 1208 653 1335 719; x_wconf 77' lang='lat' dir='ltr'><strong>litteras</strong></span> <span class='ocrx_word' id='word_1_17' title='bbox 1366 656 1484 716; x_wconf 82' lang='lat' dir='ltr'>nostras</span> 
     </span>
     <span class='ocr_line' id='line_1_4' title="bbox 280 760 1484 849; baseline -0.002 -21"><span class='ocrx_word' id='word_1_18' title='bbox 280 764 499 849; x_wconf 82' lang='lat' dir='ltr'>priuilegiales,</span> <span class='ocrx_word' id='word_1_19' title='bbox 522 765 591 830; x_wconf 90' lang='lat' dir='ltr'>noui</span> <span class='ocrx_word' id='word_1_20' title='bbox 608 770 640 830; x_wconf 88' lang='lat' dir='ltr'>et</span> <span class='ocrx_word' id='word_1_21' title='bbox 655 764 799 831; x_wconf 76' lang='lat' dir='ltr'>autentici</span> <span class='ocrx_word' id='word_1_22' title='bbox 814 763 908 848; x_wconf 90' lang='lat' dir='ltr'>sigilli</span> <span class='ocrx_word' id='word_1_23' title='bbox 925 766 1020 829; x_wconf 78' lang='lat' dir='ltr'>nostri</span> <span class='ocrx_word' id='word_1_24' title='bbox 1035 764 1188 849; x_wconf 91' lang='lat' dir='ltr'>dupplicis</span> <span class='ocrx_word' id='word_1_25' title='bbox 1203 762 1379 827; x_wconf 84' lang='lat' dir='ltr'>munimine</span> <span class='ocrx_word' id='word_1_26' title='bbox 1396 760 1484 826; x_wconf 74' lang='lat' dir='ltr'>robe·</span> 
     </span>
     <span class='ocr_line' id='line_1_5' title="bbox 280 872 1483 959; baseline 0 -26"><span class='ocrx_word' id='word_1_27' title='bbox 280 877 371 938; x_wconf 85' lang='lat' dir='ltr'>ratas.</span> <span class='ocrx_word' id='word_1_28' title='bbox 420 875 526 939; x_wconf 89' lang='lat' dir='ltr'>Datum</span> <span class='ocrx_word' id='word_1_29' title='bbox 555 896 612 959; x_wconf 90' lang='lat' dir='ltr'>per</span> <span class='ocrx_word' id='word_1_30' title='bbox 637 895 740 939; x_wconf 89' lang='lat' dir='ltr'>manus</span> <span class='ocrx_word' id='word_1_31' title='bbox 767 875 894 940; x_wconf 91' lang='lat' dir='ltr'>discreti</span> <span class='ocrx_word' id='word_1_32' title='bbox 921 874 977 938; x_wconf 84' lang='lat' dir='ltr'>riri</span> <span class='ocrx_word' id='word_1_33' title='bbox 1009 874 1143 956; x_wconf 80' lang='lat' dir='ltr'>magistri</span> <span class='ocrx_word' id='word_1_34' title='bbox 1159 872 1299 943; x_wconf 72' lang='lat' dir='ltr'>Andreae,</span> <span class='ocrx_word' id='word_1_35' title='bbox 1330 872 1483 956; x_wconf 79' lang='lat' dir='ltr'>prepositi</span> 
     </span>
     <span class='ocr_line' id='line_1_6' title="bbox 277 978 1530 1055; baseline -0.003 -10"><span class='ocrx_word' id='word_1_36' title='bbox 277 982 417 1047; x_wconf 62' lang='lat' dir='ltr'>edenda</span> <span class='ocrx_word' id='word_1_37' title='bbox 432 982 572 1055; x_wconf 80' lang='lat' dir='ltr'>ecclesie,</span> <span class='ocrx_word' id='word_1_38' title='bbox 589 980 656 1045; x_wconf 92' lang='lat' dir='ltr'>aule</span> <span class='ocrx_word' id='word_1_39' title='bbox 679 988 783 1046; x_wconf 90' lang='lat' dir='ltr'>nostre</span> <span class='ocrx_word' id='word_1_40' title='bbox 799 980 1041 1047; x_wconf 76' lang='lat' dir='ltr'>vicecancellarii</span> <span class='ocrx_word' id='word_1_41' title='bbox 1062 981 1168 1045; x_wconf 89' lang='lat' dir='ltr'>dilecti</span> <span class='ocrx_word' id='word_1_42' title='bbox 1190 985 1222 1043; x_wconf 88' lang='lat' dir='ltr'>et</span> <span class='ocrx_word' id='word_1_43' title='bbox 1242 978 1349 1041; x_wconf 83' lang='lat' dir='ltr'>tidelis</span> <span class='ocrx_word' id='word_1_44' title='bbox 1377 979 1482 1041; x_wconf 75' lang='lat' dir='ltr'>nostri</span> <span class='ocrx_word' id='word_1_45' title='bbox 1529 1009 1530 1029; x_wconf 39' lang='grc' dir='ltr'><strong>κ</strong></span> 
     </span>
     <span class='ocr_line' id='line_1_7' title="bbox 278 1084 1483 1173; baseline -0.003 -22"><span class='ocrx_word' id='word_1_46' title='bbox 278 1088 361 1152; x_wconf 77' lang='lat' dir='ltr'>Anno</span> <span class='ocrx_word' id='word_1_47' title='bbox 384 1088 495 1153; x_wconf 93' lang='lat' dir='ltr'>domini</span> <span class='ocrx_word' id='word_1_48' title='bbox 519 1088 575 1154; x_wconf 60' lang='grc' dir='ltr'>ΜΦ.</span> <span class='ocrx_word' id='word_1_49' title='bbox 591 1088 690 1153; x_wconf 76' lang='lat'>000⁸.</span> <span class='ocrx_word' id='word_1_50' title='bbox 708 1090 785 1153; x_wconf 70' lang='lat' dir='ltr'>xxc</span> <span class='ocrx_word' id='word_1_51' title='bbox 812 1089 958 1173; x_wconf 89' lang='lat' dir='ltr'>septimo,</span> <span class='ocrx_word' id='word_1_52' title='bbox 985 1090 1081 1153; x_wconf 90' lang='lat' dir='ltr'>tercio</span> <span class='ocrx_word' id='word_1_53' title='bbox 1097 1088 1198 1151; x_wconf 89' lang='lat' dir='ltr'>Nonas</span> <span class='ocrx_word' id='word_1_54' title='bbox 1213 1086 1355 1170; x_wconf 76' lang='lat' dir='ltr'>Aprilis,</span> <span class='ocrx_word' id='word_1_55' title='bbox 1388 1084 1483 1165; x_wconf 79' lang='lat' dir='ltr'>Regni</span> 
     </span>
     <span class='ocr_line' id='line_1_8' title="bbox 277 1194 1483 1281; baseline -0.004 -20"><span class='ocrx_word' id='word_1_56' title='bbox 277 1202 374 1263; x_wconf 89' lang='lat' dir='ltr'>autem</span> <span class='ocrx_word' id='word_1_57' title='bbox 392 1198 487 1263; x_wconf 86' lang='lat' dir='ltr'>nostri</span> <span class='ocrx_word' id='word_1_58' title='bbox 511 1217 589 1262; x_wconf 91' lang='lat' dir='ltr'>anno</span> <span class='ocrx_word' id='word_1_59' title='bbox 611 1198 749 1263; x_wconf 88' lang='lat' dir='ltr'>similiter</span> <span class='ocrx_word' id='word_1_60' title='bbox 770 1196 846 1261; x_wconf 75' lang='lat' dir='ltr'>xxa</span> <span class='ocrx_word' id='word_1_61' title='bbox 865 1200 1010 1281; x_wconf 86' lang='lat' dir='ltr'>septimo,</span> <span class='ocrx_word' id='word_1_62' title='bbox 1042 1194 1272 1261; x_wconf 77' lang='lat' dir='ltr'>Venerabililaus</span> <span class='ocrx_word' id='word_1_63' title='bbox 1301 1198 1335 1258; x_wconf 92' lang='lat' dir='ltr'>in</span> <span class='ocrx_word' id='word_1_64' title='bbox 1367 1194 1483 1257; x_wconf 77' lang='lat' dir='ltr'>christe</span> 
     </span>
     <span class='ocr_line' id='line_1_9' title="bbox 278 1302 1485 1394; baseline -0.004 -22"><span class='ocrx_word' id='word_1_65' title='bbox 278 1306 415 1372; x_wconf 87' lang='lat' dir='ltr'>Patribus</span> <span class='ocrx_word' id='word_1_66' title='bbox 431 1306 567 1371; x_wconf 86' lang='lat' dir='ltr'>Dominis</span> <span class='ocrx_word' id='word_1_67' title='bbox 584 1308 731 1373; x_wconf 82' lang='lat' dir='ltr'>Boleoloo</span> <span class='ocrx_word' id='word_1_68' title='bbox 748 1305 964 1394; x_wconf 75' lang='lat' dir='ltr'>Striponienoo‘</span> <span class='ocrx_word' id='word_1_69' title='bbox 986 1312 1018 1370; x_wconf 92' lang='lat' dir='ltr'>et</span> <span class='ocrx_word' id='word_1_70' title='bbox 1033 1304 1128 1370; x_wconf 79' lang='lat' dir='ltr'>imtre</span> <span class='ocrx_word' id='word_1_71' title='bbox 1144 1305 1296 1369; x_wconf 57' lang='lat' dir='ltr'>loduico</span> <span class='ocrx_word' id='word_1_72' title='bbox 1314 1302 1485 1369; x_wconf 71' lang='lat' dir='ltr'>colocensi</span> 
     </span>
     <span class='ocr_line' id='line_1_10' title="bbox 279 1410 1483 1499; baseline -0.002 -20"><span class='ocrx_word' id='word_1_73' title='bbox 279 1414 534 1499; x_wconf 84' lang='lat' dir='ltr'>archiepiscopis,</span> <span class='ocrx_word' id='word_1_74' title='bbox 558 1416 684 1481; x_wconf 83' lang='lat' dir='ltr'>Jonnoe</span> <span class='ocrx_word' id='word_1_75' title='bbox 698 1414 882 1495; x_wconf 78' lang='lat' dir='ltr'>Nytrienai,</span> <span class='ocrx_word' id='word_1_76' title='bbox 910 1414 1005 1478; x_wconf 80' lang='lat' dir='ltr'>fratre</span> <span class='ocrx_word' id='word_1_77' title='bbox 1025 1416 1120 1481; x_wconf 83' lang='lat' dir='ltr'>Petro</span> <span class='ocrx_word' id='word_1_78' title='bbox 1141 1412 1318 1486; x_wconf 79' lang='lat' dir='ltr'>Beruenei,</span> <span class='ocrx_word' id='word_1_79' title='bbox 1343 1410 1483 1497; x_wconf 68' lang='lat' dir='ltr'>Georgia</span> 
     </span>
     <span class='ocr_line' id='line_1_11' title="bbox 275 1520 1483 1607; baseline -0.003 -19"><span class='ocrx_word' id='word_1_80' title='bbox 275 1522 468 1607; x_wconf 64' lang='lat' dir='ltr'>spumosi,</span> <span class='ocrx_word' id='word_1_81' title='bbox 492 1522 623 1589; x_wconf 83' lang='lat' dir='ltr'>Irounlru</span> <span class='ocrx_word' id='word_1_82' title='bbox 645 1522 849 1589; x_wconf 74' lang='lat' dir='ltr'>waradiensi</span> <span class='ocrx_word' id='word_1_83' title='bbox 859 1570 868 1593; x_wconf 89' lang='lat'>‚</span> <span class='ocrx_word' id='word_1_84' title='bbox 892 1522 1063 1588; x_wconf 80' lang='lat' dir='ltr'>Benedicta</span> <span class='ocrx_word' id='word_1_85' title='bbox 1079 1520 1306 1591; x_wconf 74' lang='lat' dir='ltr'>otonodiemi,</span> <span class='ocrx_word' id='word_1_86' title='bbox 1324 1521 1483 1585; x_wconf 67' lang='lat' dir='ltr'>caderes</span> 
     </span>
     <span class='ocr_line' id='line_1_12' title="bbox 278 1626 1482 1718; baseline 0 -22"><span class='ocrx_word' id='word_1_87' title='bbox 278 1630 628 1718; x_wconf 80' lang='lat' dir='ltr'>Quinpuceccleaiensi‚</span> <span class='ocrx_word' id='word_1_88' title='bbox 660 1632 800 1696; x_wconf 76' lang='lat' dir='ltr'>ilenrico</span> <span class='ocrx_word' id='word_1_89' title='bbox 838 1631 1084 1717; x_wconf 80' lang='lat' dir='ltr'>chprimenei‚</span> <span class='ocrx_word' id='word_1_90' title='bbox 1112 1628 1247 1694; x_wconf 80' lang='lat' dir='ltr'>Nicoloo</span> <span class='ocrx_word' id='word_1_91' title='bbox 1271 1626 1482 1696; x_wconf 62' lang='lat' dir='ltr'>dominari,</span> 
     </span>
     <span class='ocr_line' id='line_1_13' title="bbox 278 1732 1482 1826; baseline -0.007 -21"><span class='ocrx_word' id='word_1_92' title='bbox 278 1738 466 1805; x_wconf 80' lang='lat' dir='ltr'>Gdcnuclr&#39;uo</span> <span class='ocrx_word' id='word_1_93' title='bbox 483 1740 628 1826; x_wconf 62' lang='grc' dir='ltr'><em>αρνίοπεί</em></span> <span class='ocrx_word' id='word_1_94' title='bbox 651 1744 683 1803; x_wconf 87' lang='lat' dir='ltr'>et</span> <span class='ocrx_word' id='word_1_95' title='bbox 709 1740 840 1805; x_wconf 79' lang='lat' dir='ltr'>Andrco</span> <span class='ocrx_word' id='word_1_96' title='bbox 858 1739 1069 1804; x_wconf 61' lang='lat' dir='ltr'>llondlouno</span> <span class='ocrx_word' id='word_1_97' title='bbox 1084 1735 1237 1821; x_wconf 88' lang='lat' dir='ltr'>episcopis</span> <span class='ocrx_word' id='word_1_98' title='bbox 1260 1736 1420 1799; x_wconf 85' lang='lat' dir='ltr'>ecclesias</span> <span class='ocrx_word' id='word_1_99' title='bbox 1436 1732 1482 1798; x_wconf 86' lang='lat' dir='ltr'>dei</span> 
     </span>
     <span class='ocr_line' id='line_1_14' title="bbox 278 1842 1493 1933; baseline -0.005 -22"><span class='ocrx_word' id='word_1_100' title='bbox 278 1846 412 1911; x_wconf 84' lang='lat' dir='ltr'>feliciter</span> <span class='ocrx_word' id='word_1_101' title='bbox 423 1846 677 1930; x_wconf 65' lang='lat' dir='ltr'>gubernantibus</span> <span class='ocrx_word' id='word_1_102' title='bbox 694 1846 865 1929; x_wconf 87' lang='lat' dir='ltr'>ltlagniticis</span> <span class='ocrx_word' id='word_1_103' title='bbox 877 1845 952 1910; x_wconf 86' lang='lat' dir='ltr'>riris</span> <span class='ocrx_word' id='word_1_104' title='bbox 964 1846 1118 1933; x_wconf 76' lang='lat' dir='ltr'>Poittppo</span> <span class='ocrx_word' id='word_1_105' title='bbox 1132 1844 1288 1931; x_wconf 75' lang='lat' dir='ltr'>puletico,</span> <span class='ocrx_word' id='word_1_106' title='bbox 1308 1845 1429 1909; x_wconf 83' lang='lat' dir='ltr'>comite</span> <span class='ocrx_word' id='word_1_107' title='bbox 1443 1842 1493 1917; x_wconf 52' lang='lat' dir='ltr'>dc,</span> 
     </span>
     <span class='ocr_line' id='line_1_15' title="bbox 279 1952 1483 2043; baseline -0.003 -23"><span class='ocrx_word' id='word_1_108' title='bbox 279 1955 399 2043; x_wconf 76' lang='lat' dir='ltr'>Scopae</span> <span class='ocrx_word' id='word_1_109' title='bbox 421 1957 452 2018; x_wconf 86' lang='lat' dir='ltr'>et</span> <span class='ocrx_word' id='word_1_110' title='bbox 472 1954 511 2018; x_wconf 90' lang='lat' dir='ltr'>de</span> <span class='ocrx_word' id='word_1_111' title='bbox 531 1956 670 2037; x_wconf 77' lang='lat' dir='ltr'>Wpsoor,</span> <span class='ocrx_word' id='word_1_112' title='bbox 691 1956 855 2020; x_wconf 71' lang='lat' dir='ltr'>Demetrio</span> <span class='ocrx_word' id='word_1_113' title='bbox 878 1954 1023 2038; x_wconf 86' lang='lat' dir='ltr'>magistro</span> <span class='ocrx_word' id='word_1_114' title='bbox 1038 1952 1284 2017; x_wconf 77' lang='lat' dir='ltr'>Tawcrnicornm</span> <span class='ocrx_word' id='word_1_115' title='bbox 1306 1957 1483 2016; x_wconf 73' lang='lat' dir='ltr'>nostrornm</span> 
     </span>
     <span class='ocr_line' id='line_1_16' title="bbox 279 2059 1480 2147; baseline 0.002 -20"><span class='ocrx_word' id='word_1_116' title='bbox 279 2060 393 2128; x_wconf 82' lang='lat' dir='ltr'>Comite</span> <span class='ocrx_word' id='word_1_117' title='bbox 415 2062 591 2129; x_wconf 80' lang='lat' dir='ltr'>Bocloicnas&#39;</span> <span class='ocrx_word' id='word_1_118' title='bbox 616 2068 647 2128; x_wconf 89' lang='lat' dir='ltr'>et</span> <span class='ocrx_word' id='word_1_119' title='bbox 672 2064 911 2147; x_wconf 69' lang='lat' dir='ltr'>Trinclioenoo&#39;,</span> <span class='ocrx_word' id='word_1_120' title='bbox 934 2061 1050 2147; x_wconf 74' lang='lat' dir='ltr'>Mykoi</span> <span class='ocrx_word' id='word_1_121' title='bbox 1076 2060 1152 2125; x_wconf 89' lang='lat' dir='ltr'>bano</span> <span class='ocrx_word' id='word_1_122' title='bbox 1174 2059 1267 2124; x_wconf 89' lang='lat' dir='ltr'>totius</span> <span class='ocrx_word' id='word_1_123' title='bbox 1291 2060 1480 2130; x_wconf 72' lang='lat' dir='ltr'>Schoenie</span> 
     </span>
     <span class='ocr_line' id='line_1_17' title="bbox 277 2170 1480 2258; baseline 0.002 -26"><span class='ocrx_word' id='word_1_124' title='bbox 277 2170 386 2235; x_wconf 88' lang='lat' dir='ltr'>comite</span> <span class='ocrx_word' id='word_1_125' title='bbox 402 2170 608 2258; x_wconf 76' lang='lat' dir='ltr'>Simcpr&#39;ensi,</span> <span class='ocrx_word' id='word_1_126' title='bbox 636 2170 745 2233; x_wconf 89' lang='lat' dir='ltr'>comite</span> <span class='ocrx_word' id='word_1_127' title='bbox 760 2170 950 2237; x_wconf 70' lang='lat' dir='ltr'>Alexandro</span> <span class='ocrx_word' id='word_1_128' title='bbox 972 2170 1077 2253; x_wconf 85' lang='lat' dir='ltr'>judice</span> <span class='ocrx_word' id='word_1_129' title='bbox 1098 2170 1183 2235; x_wconf 91' lang='lat' dir='ltr'>curie</span> <span class='ocrx_word' id='word_1_130' title='bbox 1206 2174 1329 2241; x_wconf 89' lang='lat' dir='ltr'>nostre,</span> <span class='ocrx_word' id='word_1_131' title='bbox 1359 2171 1480 2234; x_wconf 71' lang='lat' dir='ltr'>llum</span> 
     </span>
     <span class='ocr_line' id='line_1_18' title="bbox 278 2275 1480 2361; baseline 0.007 -22"><span class='ocrx_word' id='word_1_132' title='bbox 278 2275 433 2361; x_wconf 79' lang='lat' dir='ltr'>woywcda</span> <span class='ocrx_word' id='word_1_133' title='bbox 453 2278 669 2342; x_wconf 80' lang='lat' dir='ltr'>Tromiluuno</span> <span class='ocrx_word' id='word_1_134' title='bbox 685 2280 716 2340; x_wconf 89' lang='lat' dir='ltr'>et</span> <span class='ocrx_word' id='word_1_135' title='bbox 736 2278 847 2341; x_wconf 85' lang='lat' dir='ltr'>comite</span> <span class='ocrx_word' id='word_1_136' title='bbox 862 2278 901 2342; x_wconf 91' lang='lat' dir='ltr'>de</span> <span class='ocrx_word' id='word_1_137' title='bbox 917 2278 1036 2352; x_wconf 75' lang='lat' dir='ltr'>lonasio,</span> <span class='ocrx_word' id='word_1_138' title='bbox 1062 2279 1162 2343; x_wconf 83' lang='lat' dir='ltr'>Paulo</span> <span class='ocrx_word' id='word_1_139' title='bbox 1179 2277 1256 2341; x_wconf 79' lang='lat' dir='ltr'>loano</span> <span class='ocrx_word' id='word_1_140' title='bbox 1272 2276 1314 2341; x_wconf 88' lang='lat' dir='ltr'>de</span> <span class='ocrx_word' id='word_1_141' title='bbox 1330 2276 1480 2348; x_wconf 61' lang='lat' dir='ltr'>dicem</span> 
     </span>
     <span class='ocr_line' id='line_1_19' title="bbox 273 2384 1478 2475; baseline -0.002 -26"><span class='ocrx_word' id='word_1_142' title='bbox 273 2386 385 2449; x_wconf 88' lang='lat' dir='ltr'>comite</span> <span class='ocrx_word' id='word_1_143' title='bbox 409 2384 588 2470; x_wconf 66' lang='lat' dir='ltr'>Speciem·</span> <span class='ocrx_word' id='word_1_144' title='bbox 619 2385 657 2448; x_wconf 90' lang='lat' dir='ltr'>de</span> <span class='ocrx_word' id='word_1_145' title='bbox 680 2386 802 2451; x_wconf 80' lang='lat' dir='ltr'>wcllroo</span> <span class='ocrx_word' id='word_1_146' title='bbox 829 2393 860 2450; x_wconf 88' lang='lat' dir='ltr'>et</span> <span class='ocrx_word' id='word_1_147' title='bbox 888 2386 928 2450; x_wconf 92' lang='lat' dir='ltr'>de</span> <span class='ocrx_word' id='word_1_148' title='bbox 951 2386 1122 2475; x_wconf 74' lang='lat' dir='ltr'>Budnrgd,</span> <span class='ocrx_word' id='word_1_149' title='bbox 1149 2386 1298 2452; x_wconf 80' lang='lat' dir='ltr'>Jolrcnne</span> <span class='ocrx_word' id='word_1_150' title='bbox 1332 2387 1478 2469; x_wconf 86' lang='lat' dir='ltr'>magistro</span> 
     </span>
     <span class='ocr_line' id='line_1_20' title="bbox 275 2492 1477 2575; baseline 0 -20"><span class='ocrx_word' id='word_1_151' title='bbox 275 2493 521 2557; x_wconf 84' lang='lat' dir='ltr'>Tawernicornm</span> <span class='ocrx_word' id='word_1_152' title='bbox 539 2496 570 2556; x_wconf 91' lang='lat' dir='ltr'>et</span> <span class='ocrx_word' id='word_1_153' title='bbox 583 2494 690 2559; x_wconf 73' lang='lat' dir='ltr'>nesso</span> <span class='ocrx_word' id='word_1_154' title='bbox 706 2493 810 2559; x_wconf 88' lang='lat' dir='ltr'>lodice</span> <span class='ocrx_word' id='word_1_155' title='bbox 830 2495 916 2560; x_wconf 89' lang='lat' dir='ltr'>curie</span> <span class='ocrx_word' id='word_1_156' title='bbox 931 2495 1052 2561; x_wconf 89' lang='lat' dir='ltr'>domine</span> <span class='ocrx_word' id='word_1_157' title='bbox 1069 2492 1183 2575; x_wconf 89' lang='lat' dir='ltr'>regine,</span> <span class='ocrx_word' id='word_1_158' title='bbox 1200 2494 1357 2559; x_wconf 88' lang='lat' dir='ltr'>consortis</span> <span class='ocrx_word' id='word_1_159' title='bbox 1373 2498 1477 2557; x_wconf 72' lang='lat' dir='ltr'>nosne</span> 
     </span>
     <span class='ocr_line' id='line_1_21' title="bbox 275 2597 1477 2687; baseline 0.001 -25"><span class='ocrx_word' id='word_1_160' title='bbox 275 2597 448 2671; x_wconf 81' lang='lat' dir='ltr'>karissime,</span> <span class='ocrx_word' id='word_1_161' title='bbox 475 2600 643 2686; x_wconf 77' lang='lat' dir='ltr'>scoplano</span> <span class='ocrx_word' id='word_1_162' title='bbox 664 2602 810 2683; x_wconf 88' lang='lat' dir='ltr'>magistro</span> <span class='ocrx_word' id='word_1_163' title='bbox 833 2622 1014 2685; x_wconf 83' lang='lat' dir='ltr'>agasonum,</span> <span class='ocrx_word' id='word_1_164' title='bbox 1043 2602 1199 2687; x_wconf 74' lang='lat' dir='ltr'>Dyoniaio</span> <span class='ocrx_word' id='word_1_165' title='bbox 1214 2602 1366 2684; x_wconf 89' lang='lat' dir='ltr'>magistro</span> <span class='ocrx_word' id='word_1_166' title='bbox 1382 2600 1477 2686; x_wconf 85' lang='lat' dir='ltr'>Dapi·</span> 
     </span>
     <span class='ocr_line' id='line_1_22' title="bbox 272 2707 1476 2796; baseline 0.001 -26"><span class='ocrx_word' id='word_1_167' title='bbox 272 2707 406 2772; x_wconf 78' lang='lat' dir='ltr'>ferorum</span> <span class='ocrx_word' id='word_1_168' title='bbox 423 2712 591 2772; x_wconf 87' lang='lat' dir='ltr'>nostrorum</span> <span class='ocrx_word' id='word_1_169' title='bbox 608 2712 639 2772; x_wconf 89' lang='lat' dir='ltr'>et</span> <span class='ocrx_word' id='word_1_170' title='bbox 651 2710 787 2775; x_wconf 82' lang='lat' dir='ltr'>Nicoloo</span> <span class='ocrx_word' id='word_1_171' title='bbox 803 2710 914 2775; x_wconf 86' lang='lat' dir='ltr'>comite</span> <span class='ocrx_word' id='word_1_172' title='bbox 928 2711 1117 2776; x_wconf 81' lang='lat' dir='ltr'>Posonienor&#39;</span> <span class='ocrx_word' id='word_1_173' title='bbox 1130 2709 1258 2796; x_wconf 83' lang='lat' dir='ltr'>ollisque</span> <span class='ocrx_word' id='word_1_174' title='bbox 1273 2729 1367 2795; x_wconf 85' lang='lat' dir='ltr'>qnam</span> <span class='ocrx_word' id='word_1_175' title='bbox 1383 2709 1476 2793; x_wconf 91' lang='lat' dir='ltr'>pluri-</span> 
     </span>
     <span class='ocr_line' id='line_1_23' title="bbox 274 2813 1131 2899; baseline 0 -20"><span class='ocrx_word' id='word_1_176' title='bbox 274 2813 330 2879; x_wconf 88' lang='lat' dir='ltr'>bus</span> <span class='ocrx_word' id='word_1_177' title='bbox 346 2816 442 2899; x_wconf 87' lang='lat' dir='ltr'>llegni</span> <span class='ocrx_word' id='word_1_178' title='bbox 458 2817 554 2881; x_wconf 89' lang='lat' dir='ltr'>nostri</span> <span class='ocrx_word' id='word_1_179' title='bbox 571 2814 737 2882; x_wconf 83' lang='lat' dir='ltr'>Comitatus</span> <span class='ocrx_word' id='word_1_180' title='bbox 752 2817 926 2883; x_wconf 84' lang='lat' dir='ltr'>tenentibus</span> <span class='ocrx_word' id='word_1_181' title='bbox 942 2825 974 2883; x_wconf 90' lang='lat' dir='ltr'>et</span> <span class='ocrx_word' id='word_1_182' title='bbox 988 2817 1131 2883; x_wconf 87' lang='lat' dir='ltr'>honores.</span> 
     </span>
    </p>
   </div>
   <div class='ocr_carea' id='block_1_3' title="bbox 349 2956 954 3030">
    <p class='ocr_par' dir='ltr' id='par_1_3' title="bbox 349 2956 954 3030">
     <span class='ocr_line' id='line_1_24' title="bbox 349 2956 954 3030; baseline 0 -19"><span class='ocrx_word' id='word_1_183' title='bbox 349 2956 783 3030; x_wconf 77' lang='lat' dir='ltr'>original-Pergamont-Urinndo</span> <span class='ocrx_word' id='word_1_184' title='bbox 797 2960 844 3015; x_wconf 87' lang='lat' dir='ltr'>mit</span> <span class='ocrx_word' id='word_1_185' title='bbox 856 2960 954 3023; x_wconf 76' lang='lat' dir='ltr'>Sieget.</span> 
     </span>
    </p>
   </div>
   <div class='ocr_carea' id='block_1_4' title="bbox 808 3139 930 3217">
    <p class='ocr_par' dir='ltr' id='par_1_4' title="bbox 808 3139 930 3217">
     <span class='ocr_line' id='line_1_25' title="bbox 808 3139 930 3217; baseline 0.025 -3"><span class='ocrx_word' id='word_1_186' title='bbox 808 3139 930 3217; x_wconf 77' lang='lat' dir='ltr'>CXlll.</span> 
     </span>
    </p>
   </div>
   <div class='ocr_carea' id='block_1_5' title="bbox 275 3278 1482 3533">
    <p class='ocr_par' dir='ltr' id='par_1_5' title="bbox 275 3278 1482 3533">
     <span class='ocr_line' id='line_1_26' title="bbox 275 3278 1479 3353; baseline -0.004 -14"><span class='ocrx_word' id='word_1_187' title='bbox 275 3278 349 3353; x_wconf 76' lang='lat' dir='ltr'>lttl,</span> <span class='ocrx_word' id='word_1_188' title='bbox 362 3280 387 3339; x_wconf 81' lang='lat' dir='ltr'>t.</span> <span class='ocrx_word' id='word_1_189' title='bbox 403 3280 560 3353; x_wconf 80' lang='lat' dir='ltr'>loremior,</span> <span class='ocrx_word' id='word_1_190' title='bbox 583 3280 775 3340; x_wconf 78' lang='lat' dir='ltr'>llnttomtoln.</span> <span class='ocrx_word' id='word_1_191' title='bbox 795 3314 830 3323; x_wconf 90' lang='lat'>—</span> <span class='ocrx_word' id='word_1_192' title='bbox 844 3282 939 3352; x_wconf 71' lang='lat' dir='ltr'>Kcsrip</span> <span class='ocrx_word' id='word_1_193' title='bbox 952 3283 1101 3338; x_wconf 58' lang='lat' dir='ltr'>etiamen</span> <span class='ocrx_word' id='word_1_194' title='bbox 1113 3282 1168 3337; x_wconf 89' lang='lat'><em>111.</em></span> <span class='ocrx_word' id='word_1_195' title='bbox 1182 3282 1316 3351; x_wconf 49' lang='lat' dir='ltr'>leemps</span> <span class='ocrx_word' id='word_1_196' title='bbox 1328 3282 1385 3337; x_wconf 79' lang='lat' dir='ltr'>der</span> <span class='ocrx_word' id='word_1_197' title='bbox 1398 3280 1479 3337; x_wconf 69' lang='lat' dir='ltr'>Abori</span> 
     </span>
     <span class='ocr_line' id='line_1_27' title="bbox 276 3370 1482 3445; baseline 0.001 -20"><span class='ocrx_word' id='word_1_198' title='bbox 276 3370 496 3441; x_wconf 72' lang='lat' dir='ltr'>Hctlipmkrcas</span> <span class='ocrx_word' id='word_1_199' title='bbox 516 3370 563 3427; x_wconf 79' lang='lat' dir='ltr'>die</span> <span class='ocrx_word' id='word_1_200' title='bbox 576 3372 735 3445; x_wconf 73' lang='lat' dir='ltr'>Befreiung</span> <span class='ocrx_word' id='word_1_201' title='bbox 748 3372 829 3427; x_wconf 81' lang='lat' dir='ltr'>tlrrer</span> <span class='ocrx_word' id='word_1_202' title='bbox 845 3372 1031 3443; x_wconf 70' lang='lat' dir='ltr'>Wcr‘rrpdrten</span> <span class='ocrx_word' id='word_1_203' title='bbox 1047 3391 1084 3428; x_wconf 80' lang='lat' dir='ltr'>eo</span> <span class='ocrx_word' id='word_1_204' title='bbox 1100 3373 1208 3428; x_wconf 70' lang='lat' dir='ltr'>Tolerus</span> <span class='ocrx_word' id='word_1_205' title='bbox 1222 3371 1283 3427; x_wconf 78' lang='lat' dir='ltr'>end</span> <span class='ocrx_word' id='word_1_206' title='bbox 1294 3370 1482 3442; x_wconf 59' lang='lat' dir='ltr'>camdem</span> 
     </span>
     <span class='ocr_line' id='line_1_28' title="bbox 617 3462 1130 3533; baseline 0.008 -18"><span class='ocrx_word' id='word_1_207' title='bbox 617 3478 672 3517; x_wconf 83' lang='lat' dir='ltr'>oon</span> <span class='ocrx_word' id='word_1_208' title='bbox 684 3462 877 3532; x_wconf 78' lang='lat' dir='ltr'>Entriclsturrp</span> <span class='ocrx_word' id='word_1_209' title='bbox 889 3462 939 3517; x_wconf 80' lang='lat' dir='ltr'>deo</span> <span class='ocrx_word' id='word_1_210' title='bbox 951 3462 1130 3533; x_wconf 74' lang='lat' dir='ltr'>Bergreelto.</span> 
     </span>
    </p>
   </div>
   <div class='ocr_carea' id='block_1_6' title="bbox 275 3586 1483 4652">
    <p class='ocr_par' dir='ltr' id='par_1_6' title="bbox 275 3586 1483 4652">
     <span class='ocr_line' id='line_1_29' title="bbox 368 3586 1479 3676; baseline 0.002 -25"><span class='ocrx_word' id='word_1_211' title='bbox 368 3586 553 3655; x_wconf 78' lang='lat' dir='ltr'>Fridericus</span> <span class='ocrx_word' id='word_1_212' title='bbox 578 3590 628 3654; x_wconf 91' lang='lat' dir='ltr'>dei</span> <span class='ocrx_word' id='word_1_213' title='bbox 650 3592 754 3673; x_wconf 86' lang='lat' dir='ltr'>gracia</span> <span class='ocrx_word' id='word_1_214' title='bbox 773 3590 970 3655; x_wconf 84' lang='lat' dir='ltr'>Romanorum</span> <span class='ocrx_word' id='word_1_215' title='bbox 987 3590 1048 3655; x_wconf 83' lang='lat' dir='ltr'>llex</span> <span class='ocrx_word' id='word_1_216' title='bbox 1072 3612 1193 3676; x_wconf 91' lang='lat' dir='ltr'>semper</span> <span class='ocrx_word' id='word_1_217' title='bbox 1208 3594 1389 3673; x_wconf 77' lang='lat' dir='ltr'>Augustus,</span> <span class='ocrx_word' id='word_1_218' title='bbox 1408 3591 1479 3654; x_wconf 80' lang='lat' dir='ltr'>vnt-</span> 
     </span>
     <span class='ocr_line' id='line_1_30' title="bbox 277 3695 1478 3783; baseline 0 -24"><span class='ocrx_word' id='word_1_219' title='bbox 277 3696 386 3768; x_wconf 89' lang='lat' dir='ltr'>uersis,</span> <span class='ocrx_word' id='word_1_220' title='bbox 404 3695 439 3758; x_wconf 87' lang='lat' dir='ltr'>ud</span> <span class='ocrx_word' id='word_1_221' title='bbox 457 3717 534 3780; x_wconf 89' lang='lat' dir='ltr'>quos</span> <span class='ocrx_word' id='word_1_222' title='bbox 550 3703 709 3782; x_wconf 85' lang='lat' dir='ltr'>presentes</span> <span class='ocrx_word' id='word_1_223' title='bbox 727 3699 941 3783; x_wconf 81' lang='lat' dir='ltr'>pervenerint,</span> <span class='ocrx_word' id='word_1_224' title='bbox 966 3699 1105 3764; x_wconf 88' lang='lat' dir='ltr'>fidelihus</span> <span class='ocrx_word' id='word_1_225' title='bbox 1123 3700 1187 3765; x_wconf 89' lang='lat' dir='ltr'>suis</span> <span class='ocrx_word' id='word_1_226' title='bbox 1203 3700 1327 3763; x_wconf 86' lang='lat' dir='ltr'>dilectis</span> <span class='ocrx_word' id='word_1_227' title='bbox 1344 3702 1478 3782; x_wconf 81' lang='lat' dir='ltr'>graciam</span> 
     </span>
     <span class='ocr_line' id='line_1_31' title="bbox 275 3806 1481 3893; baseline 0.001 -26"><span class='ocrx_word' id='word_1_228' title='bbox 275 3822 359 3869; x_wconf 89' lang='lat' dir='ltr'>suam</span> <span class='ocrx_word' id='word_1_229' title='bbox 377 3809 408 3867; x_wconf 89' lang='lat' dir='ltr'>et</span> <span class='ocrx_word' id='word_1_230' title='bbox 423 3824 510 3868; x_wconf 92' lang='lat' dir='ltr'>omne</span> <span class='ocrx_word' id='word_1_231' title='bbox 526 3806 644 3870; x_wconf 85' lang='lat' dir='ltr'>bonum.</span> <span class='ocrx_word' id='word_1_232' title='bbox 680 3806 762 3869; x_wconf 78' lang='lat' dir='ltr'>l&#39;iam</span> <span class='ocrx_word' id='word_1_233' title='bbox 780 3812 974 3893; x_wconf 86' lang='lat' dir='ltr'>sanctamque</span> <span class='ocrx_word' id='word_1_234' title='bbox 991 3807 1061 3871; x_wconf 87' lang='lat' dir='ltr'>dine</span> <span class='ocrx_word' id='word_1_235' title='bbox 1079 3808 1305 3872; x_wconf 88' lang='lat' dir='ltr'>recordacionis</span> <span class='ocrx_word' id='word_1_236' title='bbox 1323 3806 1481 3889; x_wconf 81' lang='lat' dir='ltr'>Magnitiri</span> 
     </span>
     <span class='ocr_line' id='line_1_32' title="bbox 278 3912 1481 4001; baseline 0.001 -25"><span class='ocrx_word' id='word_1_237' title='bbox 278 3912 388 3976; x_wconf 91' lang='lat' dir='ltr'>domini</span> <span class='ocrx_word' id='word_1_238' title='bbox 396 3913 523 3999; x_wconf 78' lang='lat' dir='ltr'>liudolfi</span> <span class='ocrx_word' id='word_1_239' title='bbox 529 3914 725 3978; x_wconf 85' lang='lat' dir='ltr'>Romanorum</span> <span class='ocrx_word' id='word_1_240' title='bbox 734 3915 826 3997; x_wconf 84' lang='lat' dir='ltr'>Regis</span> <span class='ocrx_word' id='word_1_241' title='bbox 835 3936 956 3998; x_wconf 85' lang='lat' dir='ltr'>semper</span> <span class='ocrx_word' id='word_1_242' title='bbox 969 3918 1094 3998; x_wconf 80' lang='lat' dir='ltr'>Augusti</span> <span class='ocrx_word' id='word_1_243' title='bbox 1107 3963 1117 3986; x_wconf 94' lang='lat'>,</span> <span class='ocrx_word' id='word_1_244' title='bbox 1140 3915 1195 3979; x_wconf 87' lang='lat' dir='ltr'>llni</span> <span class='ocrx_word' id='word_1_245' title='bbox 1207 3920 1238 3978; x_wconf 92' lang='lat' dir='ltr'>et</span> <span class='ocrx_word' id='word_1_246' title='bbox 1249 3914 1481 4001; x_wconf 80' lang='lat' dir='ltr'>predecessoris</span> 
     </span>
     <span class='ocr_line' id='line_1_33' title="bbox 279 4019 1480 4106; baseline 0.002 -25"><span class='ocrx_word' id='word_1_247' title='bbox 279 4020 374 4083; x_wconf 87' lang='lat' dir='ltr'>nostri</span> <span class='ocrx_word' id='word_1_248' title='bbox 401 4019 562 4093; x_wconf 78' lang='lat' dir='ltr'>karissimi,</span> <span class='ocrx_word' id='word_1_249' title='bbox 579 4019 795 4095; x_wconf 90' lang='lat' dir='ltr'>deuocionem,</span> <span class='ocrx_word' id='word_1_250' title='bbox 823 4042 881 4105; x_wconf 89' lang='lat' dir='ltr'>qua</span> <span class='ocrx_word' id='word_1_251' title='bbox 897 4020 1058 4106; x_wconf 83' lang='lat' dir='ltr'>Religiosis</span> <span class='ocrx_word' id='word_1_252' title='bbox 1078 4024 1151 4090; x_wconf 83' lang='lat' dir='ltr'>viris</span> <span class='ocrx_word' id='word_1_253' title='bbox 1165 4071 1195 4087; x_wconf 87' lang='lat'>..</span> <span class='ocrx_word' id='word_1_254' title='bbox 1215 4022 1325 4086; x_wconf 79' lang='lat' dir='ltr'>abbari</span> <span class='ocrx_word' id='word_1_255' title='bbox 1347 4030 1380 4086; x_wconf 87' lang='lat' dir='ltr'>et</span> <span class='ocrx_word' id='word_1_256' title='bbox 1402 4021 1480 4085; x_wconf 83' lang='lat' dir='ltr'>Coo·</span> 
     </span>
     <span class='ocr_line' id='line_1_34' title="bbox 279 4126 1480 4197; baseline 0.002 -8"><span class='ocrx_word' id='word_1_257' title='bbox 279 4129 381 4190; x_wconf 88' lang='lat' dir='ltr'>uentui</span> <span class='ocrx_word' id='word_1_258' title='bbox 398 4126 574 4193; x_wconf 89' lang='lat' dir='ltr'>llonasterii</span> <span class='ocrx_word' id='word_1_259' title='bbox 590 4130 710 4196; x_wconf 82' lang='lat' dir='ltr'>Sooccte</span> <span class='ocrx_word' id='word_1_260' title='bbox 726 4133 838 4197; x_wconf 82' lang='lat' dir='ltr'>Crucis</span> <span class='ocrx_word' id='word_1_261' title='bbox 859 4132 889 4195; x_wconf 90' lang='lat' dir='ltr'>in</span> <span class='ocrx_word' id='word_1_262' title='bbox 913 4132 1031 4196; x_wconf 77' lang='lat' dir='ltr'>nustria</span> <span class='ocrx_word' id='word_1_263' title='bbox 1050 4132 1238 4196; x_wconf 88' lang='lat' dir='ltr'>Patauiensis</span> <span class='ocrx_word' id='word_1_264' title='bbox 1262 4132 1405 4194; x_wconf 85' lang='lat' dir='ltr'>llioeesis</span> <span class='ocrx_word' id='word_1_265' title='bbox 1427 4131 1480 4194; x_wconf 85' lang='lat' dir='ltr'>Jus</span> 
     </span>
     <span class='ocr_line' id='line_1_35' title="bbox 279 4236 1483 4328; baseline 0.003 -30"><span class='ocrx_word' id='word_1_266' title='bbox 279 4242 448 4301; x_wconf 87' lang='lat' dir='ltr'>montanum</span> <span class='ocrx_word' id='word_1_267' title='bbox 471 4236 510 4301; x_wconf 87' lang='lat' dir='ltr'>dc</span> <span class='ocrx_word' id='word_1_268' title='bbox 528 4240 621 4302; x_wconf 89' lang='lat' dir='ltr'>vineis</span> <span class='ocrx_word' id='word_1_269' title='bbox 638 4241 788 4323; x_wconf 88' lang='lat' dir='ltr'>ipsorum,</span> <span class='ocrx_word' id='word_1_270' title='bbox 817 4241 943 4324; x_wconf 86' lang='lat' dir='ltr'>quasin</span> <span class='ocrx_word' id='word_1_271' title='bbox 972 4242 1145 4307; x_wconf 79' lang='lat' dir='ltr'>Tutemet</span> <span class='ocrx_word' id='word_1_272' title='bbox 1168 4239 1483 4328; x_wconf 74' lang='lat' dir='ltr'>Enpelsclolcddors</span> 
     </span>
     <span class='ocr_line' id='line_1_36' title="bbox 281 4345 1480 4434; baseline -0.001 -24"><span class='ocrx_word' id='word_1_273' title='bbox 281 4345 450 4430; x_wconf 90' lang='lat' dir='ltr'>possident,</span> <span class='ocrx_word' id='word_1_274' title='bbox 467 4345 622 4421; x_wconf 86' lang='lat' dir='ltr'>relaxauit,</span> <span class='ocrx_word' id='word_1_275' title='bbox 639 4348 668 4410; x_wconf 94' lang='lat' dir='ltr'>in</span> <span class='ocrx_word' id='word_1_276' title='bbox 683 4348 803 4413; x_wconf 91' lang='lat' dir='ltr'>domino</span> <span class='ocrx_word' id='word_1_277' title='bbox 821 4347 1064 4412; x_wconf 86' lang='lat' dir='ltr'>commendantes</span> <span class='ocrx_word' id='word_1_278' title='bbox 1080 4349 1235 4434; x_wconf 87' lang='lat' dir='ltr'>ipsiusque</span> <span class='ocrx_word' id='word_1_279' title='bbox 1249 4348 1363 4411; x_wconf 87' lang='lat' dir='ltr'>imitari</span> <span class='ocrx_word' id='word_1_280' title='bbox 1378 4350 1411 4411; x_wconf 89' lang='lat' dir='ltr'>in</span> <span class='ocrx_word' id='word_1_281' title='bbox 1427 4350 1480 4412; x_wconf 79' lang='lat' dir='ltr'>nae</span> 
     </span>
     <span class='ocr_line' id='line_1_37' title="bbox 281 4454 1479 4540; baseline 0.003 -23"><span class='ocrx_word' id='word_1_282' title='bbox 281 4459 368 4537; x_wconf 88' lang='lat' dir='ltr'>parte</span> <span class='ocrx_word' id='word_1_283' title='bbox 384 4454 513 4536; x_wconf 86' lang='lat' dir='ltr'>vestigia</span> <span class='ocrx_word' id='word_1_284' title='bbox 531 4454 699 4539; x_wconf 86' lang='lat' dir='ltr'>cupientes,</span> <span class='ocrx_word' id='word_1_285' title='bbox 717 4455 863 4540; x_wconf 89' lang='lat' dir='ltr'>predictis</span> <span class='ocrx_word' id='word_1_286' title='bbox 879 4455 987 4519; x_wconf 78' lang='lat' dir='ltr'>Abbati</span> <span class='ocrx_word' id='word_1_287' title='bbox 1005 4462 1036 4519; x_wconf 93' lang='lat' dir='ltr'>et</span> <span class='ocrx_word' id='word_1_288' title='bbox 1051 4456 1218 4520; x_wconf 86' lang='lat' dir='ltr'>Conuentui</span> <span class='ocrx_word' id='word_1_289' title='bbox 1233 4464 1347 4521; x_wconf 84' lang='lat' dir='ltr'>cuncte</span> <span class='ocrx_word' id='word_1_290' title='bbox 1363 4456 1479 4528; x_wconf 71' lang='lat' dir='ltr'>Graccis</span> 
     </span>
     <span class='ocr_line' id='line_1_38' title="bbox 285 4562 1478 4652; baseline 0.001 -27"><span class='ocrx_word' id='word_1_291' title='bbox 285 4582 361 4649; x_wconf 89' lang='lat' dir='ltr'>pure</span> <span class='ocrx_word' id='word_1_292' title='bbox 377 4568 502 4648; x_wconf 90' lang='lat' dir='ltr'>propter</span> <span class='ocrx_word' id='word_1_293' title='bbox 518 4562 606 4626; x_wconf 90' lang='lat' dir='ltr'>deum</span> <span class='ocrx_word' id='word_1_294' title='bbox 623 4564 678 4629; x_wconf 85' lang='lat' dir='ltr'>dus</span> <span class='ocrx_word' id='word_1_295' title='bbox 696 4571 880 4637; x_wconf 92' lang='lat' dir='ltr'>montanum,</span> <span class='ocrx_word' id='word_1_296' title='bbox 898 4566 978 4652; x_wconf 88' lang='lat' dir='ltr'>qnod</span> <span class='ocrx_word' id='word_1_297' title='bbox 994 4564 1032 4630; x_wconf 91' lang='lat' dir='ltr'>de</span> <span class='ocrx_word' id='word_1_298' title='bbox 1049 4566 1156 4637; x_wconf 86' lang='lat' dir='ltr'>vineis,</span> <span class='ocrx_word' id='word_1_299' title='bbox 1171 4584 1245 4649; x_wconf 88' lang='lat' dir='ltr'>quas</span> <span class='ocrx_word' id='word_1_300' title='bbox 1265 4566 1295 4629; x_wconf 92' lang='lat' dir='ltr'>in</span> <span class='ocrx_word' id='word_1_301' title='bbox 1315 4566 1478 4629; x_wconf 77' lang='lat' dir='ltr'>Tutemet</span> 
     </span>
    </p>
   </div>
   <div class='ocr_carea' id='block_1_7' title="bbox 0 0 1534 5067">
    <p class='ocr_par' dir='ltr' id='par_1_7' title="bbox 0 0 1534 5067">
     <span class='ocr_line' id='line_1_39' title="bbox 0 0 1534 5067; baseline 0 0"><span class='ocrx_word' id='word_1_302' title='bbox 0 0 1534 5067; x_wconf 95' lang='lat' dir='ltr'> </span> 
     </span>
    </p>
   </div>
  </div>
 </body>
</html>
