<?xml version="1.0" encoding="UTF-8"?>
<!DOCTYPE html PUBLIC "-//W3C//DTD XHTML 1.0 Transitional//EN"
    "http://www.w3.org/TR/xhtml1/DTD/xhtml1-transitional.dtd">
<html xmlns="http://www.w3.org/1999/xhtml" xml:lang="en" lang="en">
 <head>
  <title>
</title>
<meta http-equiv="Content-Type" content="text/html;charset=utf-8" />
  <meta name='ocr-system' content='tesseract 3.04.00' />
  <meta name='ocr-capabilities' content='ocr_page ocr_carea ocr_par ocr_line ocrx_word'/>
</head>
<body>
  <div class='ocr_page' id='page_1' title='image "./relationenvenet13fiedgoog_0063.png"; bbox 0 0 3059 5067; ppageno 0'>
   <div class='ocr_carea' id='block_1_1' title="bbox 1205 380 1257 451">
    <p class='ocr_par' dir='ltr' id='par_1_1' title="bbox 1205 380 1257 451">
     <span class='ocr_line' id='line_1_1' title="bbox 1205 380 1257 451; baseline 0.019 -1"><span class='ocrx_word' id='word_1_1' title='bbox 1205 380 1257 451; x_wconf 77' lang='lat' dir='ltr'><strong>ta</strong></span> 
     </span>
    </p>
   </div>
   <div class='ocr_carea' id='block_1_2' title="bbox 37 548 1256 4540">
    <p class='ocr_par' dir='ltr' id='par_1_2' title="bbox 37 548 1256 4540">
     <span class='ocr_line' id='line_1_2' title="bbox 43 548 1256 636; baseline 0.002 -18"><span class='ocrx_word' id='word_1_2' title='bbox 43 554 194 618; x_wconf 83' lang='lat' dir='ltr'>comodis</span> <span class='ocrx_word' id='word_1_3' title='bbox 212 558 243 617; x_wconf 88' lang='lat' dir='ltr'><strong>et</strong></span> <span class='ocrx_word' id='word_1_4' title='bbox 260 552 446 636; x_wconf 81' lang='lat' dir='ltr'><strong>profectibus</strong></span> <span class='ocrx_word' id='word_1_5' title='bbox 470 551 501 615; x_wconf 93' lang='lat' dir='ltr'><strong>in</strong></span> <span class='ocrx_word' id='word_1_6' title='bbox 525 550 655 633; x_wconf 80' lang='lat' dir='ltr'><strong>uigilare</strong></span> <span class='ocrx_word' id='word_1_7' title='bbox 679 550 858 622; x_wconf 83' lang='lat' dir='ltr'><strong>debeamus,</strong></span> <span class='ocrx_word' id='word_1_8' title='bbox 882 548 1055 615; x_wconf 79' lang='lat' dir='ltr'>Honorabili</span> <span class='ocrx_word' id='word_1_9' title='bbox 1071 552 1256 621; x_wconf 82' lang='lat' dir='ltr'><strong>Monosterio</strong></span> 
     </span>
     <span class='ocr_line' id='line_1_3' title="bbox 41 658 1256 748; baseline -0.001 -20"><span class='ocrx_word' id='word_1_10' title='bbox 41 670 168 729; x_wconf 79' lang='lat' dir='ltr'><strong>soracte</strong></span> <span class='ocrx_word' id='word_1_11' title='bbox 181 661 293 728; x_wconf 75' lang='lat' dir='ltr'><strong>Caucis</strong></span> <span class='ocrx_word' id='word_1_12' title='bbox 310 658 347 725; x_wconf 88' lang='lat' dir='ltr'><strong>de</strong></span> <span class='ocrx_word' id='word_1_13' title='bbox 364 662 497 735; x_wconf 75' lang='lat' dir='ltr'><strong><em>austria,</em></strong></span> <span class='ocrx_word' id='word_1_14' title='bbox 516 659 554 724; x_wconf 92' lang='lat' dir='ltr'><strong>ob</strong></span> <span class='ocrx_word' id='word_1_15' title='bbox 567 660 711 743; x_wconf 87' lang='lat' dir='ltr'><strong>specialis</strong></span> <span class='ocrx_word' id='word_1_16' title='bbox 724 659 900 723; x_wconf 91' lang='lat' dir='ltr'><strong>deuoeionis</strong></span> <span class='ocrx_word' id='word_1_17' title='bbox 916 658 1064 732; x_wconf 83' lang='lat' dir='ltr'><strong>allectum,</strong></span> <span class='ocrx_word' id='word_1_18' title='bbox 1083 681 1170 745; x_wconf 88' lang='lat' dir='ltr'><strong>quam</strong></span> <span class='ocrx_word' id='word_1_19' title='bbox 1183 686 1256 748; x_wconf 80' lang='lat' dir='ltr'><strong>erga</strong></span> 
     </span>
     <span class='ocr_line' id='line_1_4' title="bbox 43 766 1256 855; baseline 0.003 -21"><span class='ocrx_word' id='word_1_20' title='bbox 43 772 154 855; x_wconf 86' lang='lat' dir='ltr'><strong>ipsum</strong></span> <span class='ocrx_word' id='word_1_21' title='bbox 184 770 397 834; x_wconf 85' lang='lat' dir='ltr'><strong>Monasterium</strong></span> <span class='ocrx_word' id='word_1_22' title='bbox 422 769 557 851; x_wconf 83' lang='lat' dir='ltr'>gerimus</span> <span class='ocrx_word' id='word_1_23' title='bbox 586 774 618 833; x_wconf 90' lang='lat' dir='ltr'><strong>et</strong></span> <span class='ocrx_word' id='word_1_24' title='bbox 644 766 809 839; x_wconf 90' lang='lat' dir='ltr'><strong>habemus,</strong></span> <span class='ocrx_word' id='word_1_25' title='bbox 838 766 917 852; x_wconf 87' lang='lat' dir='ltr'><strong>qood</strong></span> <span class='ocrx_word' id='word_1_26' title='bbox 941 768 972 830; x_wconf 94' lang='lat' dir='ltr'><strong>in</strong></span> <span class='ocrx_word' id='word_1_27' title='bbox 999 768 1135 853; x_wconf 88' lang='lat' dir='ltr'><strong>partibus</strong></span> <span class='ocrx_word' id='word_1_28' title='bbox 1159 772 1256 855; x_wconf 83' lang='lat' dir='ltr'>Regni</span> 
     </span>
     <span class='ocr_line' id='line_1_5' title="bbox 42 874 1254 963; baseline 0.002 -20"><span class='ocrx_word' id='word_1_29' title='bbox 42 881 151 943; x_wconf 86' lang='lat' dir='ltr'><strong>nostri</strong></span> <span class='ocrx_word' id='word_1_30' title='bbox 175 900 231 963; x_wconf 87' lang='lat' dir='ltr'><strong>per</strong></span> <span class='ocrx_word' id='word_1_31' title='bbox 254 898 359 941; x_wconf 87' lang='lat' dir='ltr'><strong>sacros</strong></span> <span class='ocrx_word' id='word_1_32' title='bbox 383 878 595 961; x_wconf 84' lang='lat' dir='ltr'><strong>progenitores</strong></span> <span class='ocrx_word' id='word_1_33' title='bbox 618 883 736 941; x_wconf 90' lang='lat' dir='ltr'><strong>nostros</strong></span> <span class='ocrx_word' id='word_1_34' title='bbox 752 874 886 940; x_wconf 82' lang='lat' dir='ltr'><strong>felicium</strong></span> <span class='ocrx_word' id='word_1_35' title='bbox 910 877 1159 943; x_wconf 86' lang='lat' dir='ltr'><strong>recordacionem</strong></span> <span class='ocrx_word' id='word_1_36' title='bbox 1177 902 1254 947; x_wconf 90' lang='lat' dir='ltr'><strong>eon-</strong></span> 
     </span>
     <span class='ocr_line' id='line_1_6' title="bbox 43 982 1255 1071; baseline 0.002 -21"><span class='ocrx_word' id='word_1_37' title='bbox 43 988 261 1071; x_wconf 84' lang='lat' dir='ltr'><strong>tcmplacione</strong></span> <span class='ocrx_word' id='word_1_38' title='bbox 283 985 376 1049; x_wconf 91' lang='lat' dir='ltr'><strong>diuini</strong></span> <span class='ocrx_word' id='word_1_39' title='bbox 398 986 525 1049; x_wconf 87' lang='lat' dir='ltr'><strong>nominis</strong></span> <span class='ocrx_word' id='word_1_40' title='bbox 548 992 596 1049; x_wconf 88' lang='lat' dir='ltr'><strong>est</strong></span> <span class='ocrx_word' id='word_1_41' title='bbox 612 984 777 1049; x_wconf 85' lang='lat' dir='ltr'><strong>honorilice</strong></span> <span class='ocrx_word' id='word_1_42' title='bbox 792 982 951 1047; x_wconf 80' lang='lat' dir='ltr'><strong>uberrimis</strong></span> <span class='ocrx_word' id='word_1_43' title='bbox 968 986 1144 1051; x_wconf 89' lang='lat' dir='ltr'><strong>decoratum</strong></span> <span class='ocrx_word' id='word_1_44' title='bbox 1162 990 1255 1055; x_wconf 88' lang='lat' dir='ltr'><strong>doua-</strong></span> 
     </span>
     <span class='ocr_line' id='line_1_7' title="bbox 39 1092 1254 1176; baseline 0 -15"><span class='ocrx_word' id='word_1_45' title='bbox 39 1098 121 1161; x_wconf 89' lang='lat' dir='ltr'><strong>tiuis</strong></span> <span class='ocrx_word' id='word_1_46' title='bbox 152 1101 183 1160; x_wconf 90' lang='lat' dir='ltr'><strong>et</strong></span> <span class='ocrx_word' id='word_1_47' title='bbox 208 1096 356 1165; x_wconf 90' lang='lat' dir='ltr'><strong>dotatum,</strong></span> <span class='ocrx_word' id='word_1_48' title='bbox 386 1112 421 1157; x_wconf 89' lang='lat' dir='ltr'><strong>ae</strong></span> <span class='ocrx_word' id='word_1_49' title='bbox 438 1092 545 1157; x_wconf 79' lang='lat' dir='ltr'><strong>Abbati</strong></span> <span class='ocrx_word' id='word_1_50' title='bbox 563 1100 594 1157; x_wconf 91' lang='lat' dir='ltr'><strong>et</strong></span> <span class='ocrx_word' id='word_1_51' title='bbox 610 1093 755 1167; x_wconf 81' lang='lat' dir='ltr'><strong>iratribus</strong></span> <span class='ocrx_word' id='word_1_52' title='bbox 782 1094 813 1155; x_wconf 93' lang='lat' dir='ltr'><strong>in</strong></span> <span class='ocrx_word' id='word_1_53' title='bbox 830 1092 937 1156; x_wconf 89' lang='lat' dir='ltr'><strong>eodem</strong></span> <span class='ocrx_word' id='word_1_54' title='bbox 954 1092 1012 1157; x_wconf 90' lang='lat' dir='ltr'><strong>deo</strong></span> <span class='ocrx_word' id='word_1_55' title='bbox 1029 1094 1140 1176; x_wconf 87' lang='lat' dir='ltr'><strong>iugiter</strong></span> <span class='ocrx_word' id='word_1_56' title='bbox 1156 1098 1254 1161; x_wconf 88' lang='lat' dir='ltr'><strong>samu-</strong></span> 
     </span>
     <span class='ocr_line' id='line_1_8' title="bbox 41 1198 1256 1285; baseline 0.002 -17"><span class='ocrx_word' id='word_1_57' title='bbox 41 1205 186 1269; x_wconf 87' lang='lat' dir='ltr'><strong>lantibus</strong></span> <span class='ocrx_word' id='word_1_58' title='bbox 204 1208 234 1267; x_wconf 89' lang='lat' dir='ltr'><strong>et</strong></span> <span class='ocrx_word' id='word_1_59' title='bbox 251 1202 376 1275; x_wconf 88' lang='lat' dir='ltr'><strong>deuote,</strong></span> <span class='ocrx_word' id='word_1_60' title='bbox 400 1201 455 1266; x_wconf 90' lang='lat' dir='ltr'><strong>bas</strong></span> <span class='ocrx_word' id='word_1_61' title='bbox 472 1204 592 1285; x_wconf 83' lang='lat' dir='ltr'><strong>gracias</strong></span> <span class='ocrx_word' id='word_1_62' title='bbox 615 1206 646 1265; x_wconf 89' lang='lat' dir='ltr'><strong>et</strong></span> <span class='ocrx_word' id='word_1_63' title='bbox 673 1198 830 1265; x_wconf 84' lang='lat' dir='ltr'><strong>libertates</strong></span> <span class='ocrx_word' id='word_1_64' title='bbox 847 1200 999 1275; x_wconf 86' lang='lat' dir='ltr'><strong>lecimus,</strong></span> <span class='ocrx_word' id='word_1_65' title='bbox 1026 1201 1202 1269; x_wconf 89' lang='lat' dir='ltr'><strong>donauimus</strong></span> <span class='ocrx_word' id='word_1_66' title='bbox 1225 1210 1256 1270; x_wconf 91' lang='lat' dir='ltr'><strong>et</strong></span> 
     </span>
     <span class='ocr_line' id='line_1_9' title="bbox 39 1306 1254 1394; baseline 0.003 -18"><span class='ocrx_word' id='word_1_67' title='bbox 39 1313 262 1377; x_wconf 81' lang='lat' dir='ltr'><strong>concessimus</strong></span> <span class='ocrx_word' id='word_1_68' title='bbox 279 1311 453 1393; x_wconf 80' lang='lat' dir='ltr'><strong>speciales,</strong></span> <span class='ocrx_word' id='word_1_69' title='bbox 493 1310 572 1394; x_wconf 88' lang='lat' dir='ltr'><strong>quod</strong></span> <span class='ocrx_word' id='word_1_70' title='bbox 594 1309 684 1374; x_wconf 86' lang='lat' dir='ltr'><strong>Curie</strong></span> <span class='ocrx_word' id='word_1_71' title='bbox 706 1306 802 1393; x_wconf 88' lang='lat' dir='ltr'><strong>ipsius</strong></span> <span class='ocrx_word' id='word_1_72' title='bbox 818 1308 996 1374; x_wconf 89' lang='lat' dir='ltr'><strong>Monasterii</strong></span> <span class='ocrx_word' id='word_1_73' title='bbox 1017 1318 1127 1377; x_wconf 74' lang='lat' dir='ltr'><strong>soracte</strong></span> <span class='ocrx_word' id='word_1_74' title='bbox 1144 1314 1254 1380; x_wconf 75' lang='grc' dir='ltr'><strong>Ονιιοίι</strong></span> 
     </span>
     <span class='ocr_line' id='line_1_10' title="bbox 40 1414 1254 1504; baseline 0.005 -21"><span class='ocrx_word' id='word_1_75' title='bbox 40 1442 105 1484; x_wconf 84' lang='lat' dir='ltr'><strong>vna</strong></span> <span class='ocrx_word' id='word_1_76' title='bbox 120 1420 268 1485; x_wconf 86' lang='lat' dir='ltr'><strong>uidelicet</strong></span> <span class='ocrx_word' id='word_1_77' title='bbox 284 1417 313 1480; x_wconf 94' lang='lat' dir='ltr'><strong>in</strong></span> <span class='ocrx_word' id='word_1_78' title='bbox 326 1418 462 1485; x_wconf 82' lang='lat' dir='ltr'><strong>Paeonio</strong></span> <span class='ocrx_word' id='word_1_79' title='bbox 477 1421 554 1482; x_wconf 85' lang='lat' dir='ltr'><strong>intra</strong></span> <span class='ocrx_word' id='word_1_80' title='bbox 572 1438 672 1481; x_wconf 91' lang='lat' dir='ltr'><strong>muros</strong></span> <span class='ocrx_word' id='word_1_81' title='bbox 689 1418 784 1500; x_wconf 90' lang='lat' dir='ltr'><strong>ipsius</strong></span> <span class='ocrx_word' id='word_1_82' title='bbox 797 1414 944 1490; x_wconf 83' lang='lat' dir='ltr'><strong>Ciuitatis,</strong></span> <span class='ocrx_word' id='word_1_83' title='bbox 962 1418 1065 1492; x_wconf 90' lang='lat' dir='ltr'><strong>altera,</strong></span> <span class='ocrx_word' id='word_1_84' title='bbox 1081 1440 1139 1504; x_wconf 88' lang='lat' dir='ltr'><strong>que</strong></span> <span class='ocrx_word' id='word_1_85' title='bbox 1157 1422 1254 1489; x_wconf 81' lang='lat' dir='ltr'><strong>Curia</strong></span> 
     </span>
     <span class='ocr_line' id='line_1_11' title="bbox 40 1524 1251 1615; baseline 0.001 -22"><span class='ocrx_word' id='word_1_86' title='bbox 40 1529 151 1615; x_wconf 70' lang='lat' dir='ltr'><strong>nepae</strong></span> <span class='ocrx_word' id='word_1_87' title='bbox 167 1526 337 1611; x_wconf 85' lang='lat' dir='ltr'><strong>appellatur</strong></span> <span class='ocrx_word' id='word_1_88' title='bbox 353 1527 434 1591; x_wconf 87' lang='lat' dir='ltr'><strong>eirea</strong></span> <span class='ocrx_word' id='word_1_89' title='bbox 451 1546 556 1610; x_wconf 89' lang='lat' dir='ltr'><strong>aquam</strong></span> <span class='ocrx_word' id='word_1_90' title='bbox 572 1524 699 1613; x_wconf 83' lang='lat' dir='ltr'><strong>Lptba,</strong></span> <span class='ocrx_word' id='word_1_91' title='bbox 727 1524 836 1589; x_wconf 84' lang='lat' dir='ltr'><strong>Tereia</strong></span> <span class='ocrx_word' id='word_1_92' title='bbox 865 1544 980 1592; x_wconf 82' lang='lat' dir='ltr'><strong>nouum</strong></span> <span class='ocrx_word' id='word_1_93' title='bbox 992 1529 1144 1614; x_wconf 79' lang='lat' dir='ltr'><strong>predium</strong></span> <span class='ocrx_word' id='word_1_94' title='bbox 1172 1529 1251 1594; x_wconf 87' lang='lat' dir='ltr'><strong>dicta</strong></span> 
     </span>
     <span class='ocr_line' id='line_1_12' title="bbox 38 1632 1251 1724; baseline 0.002 -24"><span class='ocrx_word' id='word_1_95' title='bbox 38 1644 74 1700; x_wconf 85' lang='lat' dir='ltr'><strong>et</strong></span> <span class='ocrx_word' id='word_1_96' title='bbox 90 1636 157 1701; x_wconf 91' lang='lat' dir='ltr'><strong>alio</strong></span> <span class='ocrx_word' id='word_1_97' title='bbox 174 1636 293 1700; x_wconf 88' lang='lat' dir='ltr'><strong>nomine</strong></span> <span class='ocrx_word' id='word_1_98' title='bbox 307 1637 510 1724; x_wconf 75' lang='lat' dir='ltr'><strong>Newaeypea</strong></span> <span class='ocrx_word' id='word_1_99' title='bbox 526 1640 633 1699; x_wconf 88' lang='lat' dir='ltr'><strong>uocata</strong></span> <span class='ocrx_word' id='word_1_100' title='bbox 645 1636 730 1717; x_wconf 85' lang='lat' dir='ltr'><strong>juxta</strong></span> <span class='ocrx_word' id='word_1_101' title='bbox 746 1632 843 1698; x_wconf 92' lang='lat' dir='ltr'><strong>laeum</strong></span> <span class='ocrx_word' id='word_1_102' title='bbox 859 1634 998 1699; x_wconf 80' lang='lat' dir='ltr'><strong>Fertbeu</strong></span> <span class='ocrx_word' id='word_1_103' title='bbox 1020 1638 1197 1711; x_wconf 82' lang='lat' dir='ltr'><strong>existentes,</strong></span> <span class='ocrx_word' id='word_1_104' title='bbox 1215 1660 1251 1703; x_wconf 91' lang='lat' dir='ltr'><strong>ae</strong></span> 
     </span>
     <span class='ocr_line' id='line_1_13' title="bbox 39 1740 1254 1831; baseline 0.002 -22"><span class='ocrx_word' id='word_1_105' title='bbox 39 1746 115 1809; x_wconf 81' lang='lat' dir='ltr'><strong>villa</strong></span> <span class='ocrx_word' id='word_1_106' title='bbox 135 1746 264 1831; x_wconf 76' lang='lat' dir='ltr'><strong>eprtden</strong></span> <span class='ocrx_word' id='word_1_107' title='bbox 281 1748 384 1809; x_wconf 79' lang='lat' dir='ltr'><strong>vocata</strong></span> <span class='ocrx_word' id='word_1_108' title='bbox 400 1745 483 1825; x_wconf 86' lang='lat' dir='ltr'><strong>juxta</strong></span> <span class='ocrx_word' id='word_1_109' title='bbox 498 1742 625 1808; x_wconf 89' lang='lat' dir='ltr'><strong>eundern</strong></span> <span class='ocrx_word' id='word_1_110' title='bbox 638 1740 735 1806; x_wconf 91' lang='lat' dir='ltr'><strong>lacum</strong></span> <span class='ocrx_word' id='word_1_111' title='bbox 745 1740 885 1808; x_wconf 81' lang='lat' dir='ltr'><strong>Fertbeu</strong></span> <span class='ocrx_word' id='word_1_112' title='bbox 901 1744 958 1806; x_wconf 91' lang='lat' dir='ltr'><strong>sita</strong></span> <span class='ocrx_word' id='word_1_113' title='bbox 974 1743 1011 1806; x_wconf 91' lang='lat' dir='ltr'><strong>ab</strong></span> <span class='ocrx_word' id='word_1_114' title='bbox 1025 1746 1104 1808; x_wconf 90' lang='lat' dir='ltr'><strong>omni</strong></span> <span class='ocrx_word' id='word_1_115' title='bbox 1121 1744 1206 1811; x_wconf 88' lang='lat' dir='ltr'><strong>dacia</strong></span> <span class='ocrx_word' id='word_1_116' title='bbox 1222 1752 1254 1811; x_wconf 92' lang='lat' dir='ltr'><strong>et</strong></span> 
     </span>
     <span class='ocr_line' id='line_1_14' title="bbox 40 1848 1253 1937; baseline 0.002 -20"><span class='ocrx_word' id='word_1_117' title='bbox 40 1852 182 1917; x_wconf 89' lang='lat' dir='ltr'><strong>collecta</strong></span> <span class='ocrx_word' id='word_1_118' title='bbox 196 1858 297 1917; x_wconf 89' lang='lat' dir='ltr'><strong>steura</strong></span> <span class='ocrx_word' id='word_1_119' title='bbox 312 1850 549 1923; x_wconf 89' lang='lat' dir='ltr'><strong>contribueione,</strong></span> <span class='ocrx_word' id='word_1_120' title='bbox 567 1848 733 1922; x_wconf 88' lang='lat' dir='ltr'><strong>solucione,</strong></span> <span class='ocrx_word' id='word_1_121' title='bbox 747 1868 801 1912; x_wconf 87' lang='lat' dir='ltr'><strong>seu</strong></span> <span class='ocrx_word' id='word_1_122' title='bbox 815 1849 976 1915; x_wconf 80' lang='lat' dir='ltr'><strong>exaccione</strong></span> <span class='ocrx_word' id='word_1_123' title='bbox 988 1852 1121 1937; x_wconf 86' lang='lat' dir='ltr'><strong>qualibet</strong></span> <span class='ocrx_word' id='word_1_124' title='bbox 1133 1857 1253 1920; x_wconf 92' lang='lat' dir='ltr'><strong>nomine</strong></span> 
     </span>
     <span class='ocr_line' id='line_1_15' title="bbox 38 1957 1252 2045; baseline 0.004 -22"><span class='ocrx_word' id='word_1_125' title='bbox 38 1964 135 2044; x_wconf 85' lang='lat' dir='ltr'><strong>regio</strong></span> <span class='ocrx_word' id='word_1_126' title='bbox 155 1960 314 2042; x_wconf 82' lang='lat' dir='ltr'><strong>exigenda,</strong></span> <span class='ocrx_word' id='word_1_127' title='bbox 332 1960 379 2024; x_wconf 85' lang='lat' dir='ltr'><strong>vel</strong></span> <span class='ocrx_word' id='word_1_128' title='bbox 396 1958 565 2031; x_wconf 84' lang='lat' dir='ltr'><strong>Ciuitatur&#39;n,</strong></span> <span class='ocrx_word' id='word_1_129' title='bbox 583 1980 637 2023; x_wconf 86' lang='lat' dir='ltr'><strong>eeu</strong></span> <span class='ocrx_word' id='word_1_130' title='bbox 655 1957 857 2045; x_wconf 88' lang='lat' dir='ltr'><strong>quorumlibet</strong></span> <span class='ocrx_word' id='word_1_131' title='bbox 873 1965 1043 2023; x_wconf 82' lang='lat' dir='ltr'><strong>exactorum</strong></span> <span class='ocrx_word' id='word_1_132' title='bbox 1061 1966 1112 2025; x_wconf 89' lang='lat' dir='ltr'><strong>aut</strong></span> <span class='ocrx_word' id='word_1_133' title='bbox 1128 1966 1252 2045; x_wconf 80' lang='lat' dir='ltr'><strong>exigere</strong></span> 
     </span>
     <span class='ocr_line' id='line_1_16' title="bbox 41 2065 1249 2152; baseline 0.004 -19"><span class='ocrx_word' id='word_1_134' title='bbox 41 2070 217 2134; x_wconf 83' lang='lat' dir='ltr'><strong>volentium</strong></span> <span class='ocrx_word' id='word_1_135' title='bbox 234 2067 331 2133; x_wconf 88' lang='lat' dir='ltr'><strong>libere</strong></span> <span class='ocrx_word' id='word_1_136' title='bbox 348 2071 408 2133; x_wconf 88' lang='lat' dir='ltr'><strong>sint</strong></span> <span class='ocrx_word' id='word_1_137' title='bbox 424 2074 455 2132; x_wconf 89' lang='lat' dir='ltr'><strong>et</strong></span> <span class='ocrx_word' id='word_1_138' title='bbox 470 2070 589 2152; x_wconf 87' lang='lat' dir='ltr'><strong>penitus</strong></span> <span class='ocrx_word' id='word_1_139' title='bbox 606 2073 744 2150; x_wconf 81' lang='lat' dir='ltr'><strong>erempte</strong></span> <span class='ocrx_word' id='word_1_140' title='bbox 761 2070 793 2129; x_wconf 90' lang='lat' dir='ltr'><strong>et</strong></span> <span class='ocrx_word' id='word_1_141' title='bbox 809 2065 946 2130; x_wconf 89' lang='lat' dir='ltr'><strong>absolute</strong></span> <span class='ocrx_word' id='word_1_142' title='bbox 963 2066 1138 2134; x_wconf 87' lang='lat' dir='ltr'><strong>habeantur.</strong></span> <span class='ocrx_word' id='word_1_143' title='bbox 1170 2072 1249 2137; x_wconf 78' lang='lat' dir='ltr'><strong>item</strong></span> 
     </span>
     <span class='ocr_line' id='line_1_17' title="bbox 37 2176 1247 2261; baseline 0.002 -20"><span class='ocrx_word' id='word_1_144' title='bbox 37 2180 198 2250; x_wconf 81' lang='lat' dir='ltr'><strong>volumus,</strong></span> <span class='ocrx_word' id='word_1_145' title='bbox 216 2176 295 2261; x_wconf 88' lang='lat' dir='ltr'><strong>quod</strong></span> <span class='ocrx_word' id='word_1_146' title='bbox 312 2176 386 2241; x_wconf 89' lang='lat' dir='ltr'><strong>dieti</strong></span> <span class='ocrx_word' id='word_1_147' title='bbox 404 2176 513 2240; x_wconf 83' lang='lat' dir='ltr'><strong>fratres</strong></span> <span class='ocrx_word' id='word_1_148' title='bbox 530 2176 707 2240; x_wconf 88' lang='lat' dir='ltr'><strong>Monasterii</strong></span> <span class='ocrx_word' id='word_1_149' title='bbox 723 2183 836 2242; x_wconf 81' lang='lat' dir='ltr'><strong>sancte</strong></span> <span class='ocrx_word' id='word_1_150' title='bbox 853 2177 965 2242; x_wconf 82' lang='lat' dir='ltr'><strong>Crucis</strong></span> <span class='ocrx_word' id='word_1_151' title='bbox 980 2179 1049 2241; x_wconf 82' lang='lat' dir='ltr'><strong>vina</strong></span> <span class='ocrx_word' id='word_1_152' title='bbox 1067 2198 1131 2251; x_wconf 89' lang='lat' dir='ltr'><strong>sua,</strong></span> <span class='ocrx_word' id='word_1_153' title='bbox 1148 2178 1247 2254; x_wconf 88' lang='lat' dir='ltr'><strong>blada,</strong></span> 
     </span>
     <span class='ocr_line' id='line_1_18' title="bbox 38 2284 1250 2369; baseline 0 -19"><span class='ocrx_word' id='word_1_154' title='bbox 38 2308 99 2350; x_wconf 91' lang='lat' dir='ltr'><strong>seu</strong></span> <span class='ocrx_word' id='word_1_155' title='bbox 113 2286 232 2367; x_wconf 83' lang='lat' dir='ltr'><strong>fruges,</strong></span> <span class='ocrx_word' id='word_1_156' title='bbox 249 2290 411 2369; x_wconf 88' lang='lat' dir='ltr'><strong>ceteraque</strong></span> <span class='ocrx_word' id='word_1_157' title='bbox 420 2284 613 2358; x_wconf 86' lang='lat' dir='ltr'><strong>Monasterio,</strong></span> <span class='ocrx_word' id='word_1_158' title='bbox 631 2285 762 2367; x_wconf 90' lang='lat' dir='ltr'><strong>ipsorum</strong></span> <span class='ocrx_word' id='word_1_159' title='bbox 770 2284 916 2349; x_wconf 81' lang='lat' dir='ltr'><strong>sensibus</strong></span> <span class='ocrx_word' id='word_1_160' title='bbox 929 2284 1092 2349; x_wconf 89' lang='lat' dir='ltr'><strong>eorundem</strong></span> <span class='ocrx_word' id='word_1_161' title='bbox 1105 2306 1250 2351; x_wconf 90' lang='lat' dir='ltr'><strong>neeessa-</strong></span> 
     </span>
     <span class='ocr_line' id='line_1_19' title="bbox 38 2390 1246 2477; baseline 0.002 -20"><span class='ocrx_word' id='word_1_162' title='bbox 38 2396 85 2458; x_wconf 89' lang='lat' dir='ltr'><strong>ria</strong></span> <span class='ocrx_word' id='word_1_163' title='bbox 98 2393 200 2457; x_wconf 90' lang='lat' dir='ltr'><strong>libere</strong></span> <span class='ocrx_word' id='word_1_164' title='bbox 214 2398 243 2457; x_wconf 89' lang='lat' dir='ltr'><strong>et</strong></span> <span class='ocrx_word' id='word_1_165' title='bbox 254 2392 369 2477; x_wconf 88' lang='lat' dir='ltr'><strong>absque</strong></span> <span class='ocrx_word' id='word_1_166' title='bbox 386 2394 464 2456; x_wconf 89' lang='lat' dir='ltr'><strong>omni</strong></span> <span class='ocrx_word' id='word_1_167' title='bbox 481 2392 645 2456; x_wconf 83' lang='lat' dir='ltr'><strong>exaccione</strong></span> <span class='ocrx_word' id='word_1_168' title='bbox 662 2390 811 2454; x_wconf 87' lang='lat' dir='ltr'><strong>Mutarum</strong></span> <span class='ocrx_word' id='word_1_169' title='bbox 824 2413 878 2456; x_wconf 90' lang='lat' dir='ltr'><strong>seu</strong></span> <span class='ocrx_word' id='word_1_170' title='bbox 895 2390 1105 2457; x_wconf 87' lang='lat' dir='ltr'><strong>theloneorum</strong></span> <span class='ocrx_word' id='word_1_171' title='bbox 1122 2414 1157 2457; x_wconf 88' lang='lat' dir='ltr'><strong>ae</strong></span> <span class='ocrx_word' id='word_1_172' title='bbox 1174 2395 1246 2459; x_wconf 90' lang='lat' dir='ltr'><strong>Tri-</strong></span> 
     </span>
     <span class='ocr_line' id='line_1_20' title="bbox 39 2500 1248 2588; baseline 0 -21"><span class='ocrx_word' id='word_1_173' title='bbox 39 2503 187 2567; x_wconf 86' lang='lat' dir='ltr'><strong>butorum</strong></span> <span class='ocrx_word' id='word_1_174' title='bbox 211 2503 288 2586; x_wconf 89' lang='lat' dir='ltr'><strong>ipsis</strong></span> <span class='ocrx_word' id='word_1_175' title='bbox 305 2502 334 2564; x_wconf 93' lang='lat' dir='ltr'><strong>in</strong></span> <span class='ocrx_word' id='word_1_176' title='bbox 358 2520 453 2582; x_wconf 82' lang='lat' dir='ltr'><strong>regno</strong></span> <span class='ocrx_word' id='word_1_177' title='bbox 471 2502 575 2563; x_wconf 89' lang='lat' dir='ltr'><strong>nostre</strong></span> <span class='ocrx_word' id='word_1_178' title='bbox 591 2500 776 2587; x_wconf 72' lang='lat' dir='ltr'><strong>Hesperie,</strong></span> <span class='ocrx_word' id='word_1_179' title='bbox 804 2500 852 2563; x_wconf 83' lang='lat' dir='ltr'><strong>vel</strong></span> <span class='ocrx_word' id='word_1_180' title='bbox 869 2500 940 2564; x_wconf 90' lang='lat' dir='ltr'><strong>alibi</strong></span> <span class='ocrx_word' id='word_1_181' title='bbox 958 2501 1174 2584; x_wconf 85' lang='lat' dir='ltr'><strong>prouenieneia</strong></span> <span class='ocrx_word' id='word_1_182' title='bbox 1191 2525 1248 2588; x_wconf 93' lang='lat' dir='ltr'><strong>per</strong></span> 
     </span>
     <span class='ocr_line' id='line_1_21' title="bbox 40 2604 1247 2693; baseline 0.002 -20"><span class='ocrx_word' id='word_1_183' title='bbox 40 2630 154 2674; x_wconf 89' lang='lat' dir='ltr'><strong>omnes</strong></span> <span class='ocrx_word' id='word_1_184' title='bbox 170 2615 274 2693; x_wconf 82' lang='lat' dir='ltr'><strong>partes</strong></span> <span class='ocrx_word' id='word_1_185' title='bbox 292 2610 379 2689; x_wconf 86' lang='lat' dir='ltr'><strong>regui</strong></span> <span class='ocrx_word' id='word_1_186' title='bbox 396 2606 491 2671; x_wconf 89' lang='lat' dir='ltr'><strong>nostri</strong></span> <span class='ocrx_word' id='word_1_187' title='bbox 509 2604 620 2671; x_wconf 90' lang='lat' dir='ltr'><strong>deuehi</strong></span> <span class='ocrx_word' id='word_1_188' title='bbox 646 2608 757 2671; x_wconf 85' lang='lat' dir='ltr'><strong>saciant</strong></span> <span class='ocrx_word' id='word_1_189' title='bbox 785 2626 840 2671; x_wconf 89' lang='lat' dir='ltr'><strong>seo</strong></span> <span class='ocrx_word' id='word_1_190' title='bbox 868 2608 996 2682; x_wconf 89' lang='lat' dir='ltr'><strong>deduci,</strong></span> <span class='ocrx_word' id='word_1_191' title='bbox 1018 2615 1079 2672; x_wconf 89' lang='lat' dir='ltr'><strong>tam</strong></span> <span class='ocrx_word' id='word_1_192' title='bbox 1103 2612 1134 2674; x_wconf 90' lang='lat' dir='ltr'><strong>in</strong></span> <span class='ocrx_word' id='word_1_193' title='bbox 1157 2612 1247 2676; x_wconf 89' lang='lat' dir='ltr'><strong>terris</strong></span> 
     </span>
     <span class='ocr_line' id='line_1_22' title="bbox 39 2710 1248 2804; baseline 0.002 -22"><span class='ocrx_word' id='word_1_194' title='bbox 39 2738 133 2803; x_wconf 86' lang='lat' dir='ltr'><strong>quam</strong></span> <span class='ocrx_word' id='word_1_195' title='bbox 151 2719 180 2781; x_wconf 96' lang='lat' dir='ltr'><strong>in</strong></span> <span class='ocrx_word' id='word_1_196' title='bbox 198 2716 295 2802; x_wconf 89' lang='lat' dir='ltr'><strong>aquis.</strong></span> <span class='ocrx_word' id='word_1_197' title='bbox 330 2717 473 2782; x_wconf 76' lang='lat' dir='ltr'><strong>Ceteram</strong></span> <span class='ocrx_word' id='word_1_198' title='bbox 489 2714 519 2778; x_wconf 92' lang='lat' dir='ltr'><strong>in</strong></span> <span class='ocrx_word' id='word_1_199' title='bbox 536 2712 672 2780; x_wconf 90' lang='lat' dir='ltr'><strong>omnibus</strong></span> <span class='ocrx_word' id='word_1_200' title='bbox 689 2710 887 2789; x_wconf 72' lang='lat' dir='ltr'><strong>ciuitatibus,</strong></span> <span class='ocrx_word' id='word_1_201' title='bbox 909 2718 994 2790; x_wconf 83' lang='lat' dir='ltr'><strong>teris,</strong></span> <span class='ocrx_word' id='word_1_202' title='bbox 1014 2717 1094 2782; x_wconf 88' lang='lat' dir='ltr'><strong>villis</strong></span> <span class='ocrx_word' id='word_1_203' title='bbox 1111 2718 1248 2804; x_wconf 88' lang='lat' dir='ltr'><strong>locisque</strong></span> 
     </span>
     <span class='ocr_line' id='line_1_23' title="bbox 40 2821 1246 2910; baseline 0.001 -19"><span class='ocrx_word' id='word_1_204' title='bbox 40 2826 196 2891; x_wconf 75' lang='lat' dir='ltr'><strong>uniuersis</strong></span> <span class='ocrx_word' id='word_1_205' title='bbox 213 2846 272 2910; x_wconf 90' lang='lat' dir='ltr'><strong>per</strong></span> <span class='ocrx_word' id='word_1_206' title='bbox 290 2824 429 2889; x_wconf 87' lang='lat' dir='ltr'><strong>ambitum</strong></span> <span class='ocrx_word' id='word_1_207' title='bbox 453 2823 540 2905; x_wconf 83' lang='lat' dir='ltr'><strong>regni</strong></span> <span class='ocrx_word' id='word_1_208' title='bbox 562 2824 656 2887; x_wconf 89' lang='lat' dir='ltr'><strong>nostri</strong></span> <span class='ocrx_word' id='word_1_209' title='bbox 682 2821 854 2887; x_wconf 87' lang='lat' dir='ltr'><strong>constitutis</strong></span> <span class='ocrx_word' id='word_1_210' title='bbox 871 2845 927 2908; x_wconf 86' lang='lat' dir='ltr'><strong>per</strong></span> <span class='ocrx_word' id='word_1_211' title='bbox 944 2825 1090 2890; x_wconf 84' lang='lat' dir='ltr'><strong>officiales</strong></span> <span class='ocrx_word' id='word_1_212' title='bbox 1107 2850 1161 2891; x_wconf 88' lang='lat' dir='ltr'><strong>seu</strong></span> <span class='ocrx_word' id='word_1_213' title='bbox 1178 2850 1246 2892; x_wconf 86' lang='lat' dir='ltr'><strong>ser-</strong></span> 
     </span>
     <span class='ocr_line' id='line_1_24' title="bbox 44 2934 1247 3019; baseline 0.002 -20"><span class='ocrx_word' id='word_1_214' title='bbox 44 2940 165 2999; x_wconf 90' lang='lat' dir='ltr'><strong>uitores</strong></span> <span class='ocrx_word' id='word_1_215' title='bbox 182 2940 303 2997; x_wconf 87' lang='lat' dir='ltr'><strong>nestros</strong></span> <span class='ocrx_word' id='word_1_216' title='bbox 321 2940 370 2997; x_wconf 89' lang='lat' dir='ltr'><strong>aut</strong></span> <span class='ocrx_word' id='word_1_217' title='bbox 386 2934 510 2997; x_wconf 86' lang='lat' dir='ltr'><strong>aliorum</strong></span> <span class='ocrx_word' id='word_1_218' title='bbox 529 2951 802 3017; x_wconf 86' lang='lat' dir='ltr'><strong>quorumcumque,</strong></span> <span class='ocrx_word' id='word_1_219' title='bbox 831 2953 1020 3019; x_wconf 87' lang='lat' dir='ltr'><strong>quocumque</strong></span> <span class='ocrx_word' id='word_1_220' title='bbox 1036 2934 1155 2999; x_wconf 88' lang='lat' dir='ltr'><strong>nomine</strong></span> <span class='ocrx_word' id='word_1_221' title='bbox 1172 2957 1247 3001; x_wconf 91' lang='lat' dir='ltr'><strong>een-</strong></span> 
     </span>
     <span class='ocr_line' id='line_1_25' title="bbox 42 3039 1247 3130; baseline 0.001 -22"><span class='ocrx_word' id='word_1_222' title='bbox 42 3049 172 3108; x_wconf 86' lang='lat' dir='ltr'><strong>seantur</strong></span> <span class='ocrx_word' id='word_1_223' title='bbox 190 3042 226 3105; x_wconf 90' lang='lat' dir='ltr'><strong>de</strong></span> <span class='ocrx_word' id='word_1_224' title='bbox 244 3060 367 3105; x_wconf 88' lang='lat' dir='ltr'><strong>numero</strong></span> <span class='ocrx_word' id='word_1_225' title='bbox 384 3040 431 3105; x_wconf 81' lang='lat' dir='ltr'><strong>vel</strong></span> <span class='ocrx_word' id='word_1_226' title='bbox 448 3060 586 3103; x_wconf 90' lang='lat' dir='ltr'><strong>mensura</strong></span> <span class='ocrx_word' id='word_1_227' title='bbox 605 3058 704 3103; x_wconf 86' lang='lat' dir='ltr'><strong>rerum</strong></span> <span class='ocrx_word' id='word_1_228' title='bbox 721 3059 842 3103; x_wconf 82' lang='lat' dir='ltr'><strong>suarum</strong></span> <span class='ocrx_word' id='word_1_229' title='bbox 858 3039 940 3104; x_wconf 91' lang='lat' dir='ltr'><strong>nullo</strong></span> <span class='ocrx_word' id='word_1_230' title='bbox 957 3042 1089 3123; x_wconf 85' lang='lat' dir='ltr'><strong>ingenio,</strong></span> <span class='ocrx_word' id='word_1_231' title='bbox 1107 3043 1247 3130; x_wconf 87' lang='lat' dir='ltr'><strong>nullaque</strong></span> 
     </span>
     <span class='ocr_line' id='line_1_26' title="bbox 43 3146 1247 3232; baseline -0.001 -15"><span class='ocrx_word' id='word_1_232' title='bbox 43 3152 211 3217; x_wconf 89' lang='lat' dir='ltr'><strong>occasione</strong></span> <span class='ocrx_word' id='word_1_233' title='bbox 221 3150 318 3223; x_wconf 87' lang='lat' dir='ltr'><strong>artati,</strong></span> <span class='ocrx_word' id='word_1_234' title='bbox 329 3148 512 3232; x_wconf 85' lang='lat' dir='ltr'><strong>deponendi,</strong></span> <span class='ocrx_word' id='word_1_235' title='bbox 528 3146 658 3221; x_wconf 87' lang='lat' dir='ltr'><strong>locandi,</strong></span> <span class='ocrx_word' id='word_1_236' title='bbox 674 3146 833 3221; x_wconf 82' lang='lat' dir='ltr'><strong>vendendi,</strong></span> <span class='ocrx_word' id='word_1_237' title='bbox 848 3168 884 3211; x_wconf 86' lang='lat' dir='ltr'><strong>ae</strong></span> <span class='ocrx_word' id='word_1_238' title='bbox 897 3148 970 3212; x_wconf 90' lang='lat' dir='ltr'><strong>alias</strong></span> <span class='ocrx_word' id='word_1_239' title='bbox 983 3148 1127 3213; x_wconf 84' lang='lat' dir='ltr'><strong>utilitates</strong></span> <span class='ocrx_word' id='word_1_240' title='bbox 1137 3150 1175 3215; x_wconf 92' lang='lat' dir='ltr'><strong>de</strong></span> <span class='ocrx_word' id='word_1_241' title='bbox 1186 3156 1247 3216; x_wconf 90' lang='lat' dir='ltr'><strong>eis·</strong></span> 
     </span>
     <span class='ocr_line' id='line_1_27' title="bbox 46 3256 1245 3340; baseline 0 -16"><span class='ocrx_word' id='word_1_242' title='bbox 46 3260 116 3324; x_wconf 90' lang='lat' dir='ltr'><strong>dem</strong></span> <span class='ocrx_word' id='word_1_243' title='bbox 131 3257 294 3323; x_wconf 86' lang='lat' dir='ltr'><strong>exercendi</strong></span> <span class='ocrx_word' id='word_1_244' title='bbox 307 3264 338 3321; x_wconf 91' lang='lat' dir='ltr'><strong>et</strong></span> <span class='ocrx_word' id='word_1_245' title='bbox 351 3256 518 3329; x_wconf 90' lang='lat' dir='ltr'><strong>ordinandi,</strong></span> <span class='ocrx_word' id='word_1_246' title='bbox 530 3256 656 3319; x_wconf 88' lang='lat' dir='ltr'><strong>liberam</strong></span> <span class='ocrx_word' id='word_1_247' title='bbox 667 3256 798 3320; x_wconf 89' lang='lat' dir='ltr'><strong>habeant</strong></span> <span class='ocrx_word' id='word_1_248' title='bbox 807 3259 953 3340; x_wconf 90' lang='lat' dir='ltr'><strong>perpetuo</strong></span> <span class='ocrx_word' id='word_1_249' title='bbox 963 3258 1145 3324; x_wconf 84' lang='lat' dir='ltr'><strong>facultatem.</strong></span> <span class='ocrx_word' id='word_1_250' title='bbox 1171 3260 1245 3325; x_wconf 90' lang='lat' dir='ltr'><strong>Pre-</strong></span> 
     </span>
     <span class='ocr_line' id='line_1_28' title="bbox 46 3361 1245 3447; baseline -0.005 -10"><span class='ocrx_word' id='word_1_251' title='bbox 46 3379 138 3437; x_wconf 85' lang='lat' dir='ltr'><strong>tereo</strong></span> <span class='ocrx_word' id='word_1_252' title='bbox 154 3388 190 3430; x_wconf 86' lang='lat' dir='ltr'><strong>er</strong></span> <span class='ocrx_word' id='word_1_253' title='bbox 206 3366 363 3430; x_wconf 84' lang='lat' dir='ltr'><strong>affluencia</strong></span> <span class='ocrx_word' id='word_1_254' title='bbox 377 3367 482 3447; x_wconf 83' lang='lat' dir='ltr'><strong>gracie</strong></span> <span class='ocrx_word' id='word_1_255' title='bbox 499 3366 611 3447; x_wconf 82' lang='lat' dir='ltr'><strong>regalis</strong></span> <span class='ocrx_word' id='word_1_256' title='bbox 629 3364 719 3429; x_wconf 90' lang='lat' dir='ltr'><strong>dietis</strong></span> <span class='ocrx_word' id='word_1_257' title='bbox 731 3361 877 3428; x_wconf 87' lang='lat' dir='ltr'><strong>fratribus</strong></span> <span class='ocrx_word' id='word_1_258' title='bbox 894 3364 1029 3430; x_wconf 86' lang='lat' dir='ltr'><strong>duximus</strong></span> <span class='ocrx_word' id='word_1_259' title='bbox 1046 3368 1245 3442; x_wconf 88' lang='lat' dir='ltr'><strong>annuendum,</strong></span> 
     </span>
     <span class='ocr_line' id='line_1_29' title="bbox 50 3471 1246 3563; baseline -0.002 -21"><span class='ocrx_word' id='word_1_260' title='bbox 50 3476 130 3563; x_wconf 86' lang='lat' dir='ltr'><strong>quod</strong></span> <span class='ocrx_word' id='word_1_261' title='bbox 161 3475 241 3539; x_wconf 89' lang='lat' dir='ltr'><strong>nulla</strong></span> <span class='ocrx_word' id='word_1_262' title='bbox 266 3493 396 3559; x_wconf 88' lang='lat' dir='ltr'><strong>persona</strong></span> <span class='ocrx_word' id='word_1_263' title='bbox 425 3472 641 3557; x_wconf 86' lang='lat' dir='ltr'><strong>cuiuscumque</strong></span> <span class='ocrx_word' id='word_1_264' title='bbox 668 3471 825 3555; x_wconf 82' lang='lat' dir='ltr'><strong>dignitatis</strong></span> <span class='ocrx_word' id='word_1_265' title='bbox 854 3477 950 3537; x_wconf 87' lang='lat' dir='ltr'><strong>status</strong></span> <span class='ocrx_word' id='word_1_266' title='bbox 980 3481 1030 3538; x_wconf 89' lang='lat' dir='ltr'><strong>aut</strong></span> <span class='ocrx_word' id='word_1_267' title='bbox 1058 3476 1246 3541; x_wconf 86' lang='lat' dir='ltr'><strong>condicionis</strong></span> 
     </span>
     <span class='ocr_line' id='line_1_30' title="bbox 49 3579 1247 3668; baseline -0.002 -18"><span class='ocrx_word' id='word_1_268' title='bbox 49 3586 174 3657; x_wconf 81' lang='lat' dir='ltr'><strong>existat,</strong></span> <span class='ocrx_word' id='word_1_269' title='bbox 199 3581 364 3666; x_wconf 88' lang='lat' dir='ltr'><strong>quemlibet</strong></span> <span class='ocrx_word' id='word_1_270' title='bbox 378 3579 414 3645; x_wconf 87' lang='lat' dir='ltr'><strong>ad</strong></span> <span class='ocrx_word' id='word_1_271' title='bbox 432 3580 537 3645; x_wconf 86' lang='lat' dir='ltr'><strong>domos</strong></span> <span class='ocrx_word' id='word_1_272' title='bbox 554 3584 688 3665; x_wconf 88' lang='lat' dir='ltr'><strong>ipsorum</strong></span> <span class='ocrx_word' id='word_1_273' title='bbox 713 3600 769 3645; x_wconf 84' lang='lat' dir='ltr'><strong>seu</strong></span> <span class='ocrx_word' id='word_1_274' title='bbox 786 3580 905 3654; x_wconf 81' lang='lat' dir='ltr'><strong>Curias,</strong></span> <span class='ocrx_word' id='word_1_275' title='bbox 923 3581 1059 3668; x_wconf 82' lang='lat' dir='ltr'><strong>aliasque</strong></span> <span class='ocrx_word' id='word_1_276' title='bbox 1075 3587 1247 3667; x_wconf 87' lang='lat' dir='ltr'><strong>possessio-</strong></span> 
     </span>
     <span class='ocr_line' id='line_1_31' title="bbox 49 3689 1246 3777; baseline -0.002 -18"><span class='ocrx_word' id='word_1_277' title='bbox 49 3716 105 3759; x_wconf 90' lang='lat' dir='ltr'><strong>nes</strong></span> <span class='ocrx_word' id='word_1_278' title='bbox 117 3710 304 3777; x_wconf 86' lang='lat' dir='ltr'><strong>qnaeumque</strong></span> <span class='ocrx_word' id='word_1_279' title='bbox 317 3691 355 3755; x_wconf 92' lang='lat' dir='ltr'><strong>de</strong></span> <span class='ocrx_word' id='word_1_280' title='bbox 368 3708 456 3755; x_wconf 89' lang='lat' dir='ltr'><strong>eausa</strong></span> <span class='ocrx_word' id='word_1_281' title='bbox 471 3708 527 3774; x_wconf 87' lang='lat' dir='ltr'><strong>spe</strong></span> <span class='ocrx_word' id='word_1_282' title='bbox 541 3689 725 3753; x_wconf 83' lang='lat' dir='ltr'><strong>detensionis</strong></span> <span class='ocrx_word' id='word_1_283' title='bbox 739 3690 952 3772; x_wconf 79' lang='lat' dir='ltr'><strong>contegentem</strong></span> <span class='ocrx_word' id='word_1_284' title='bbox 966 3692 1119 3775; x_wconf 83' lang='lat' dir='ltr'><strong>excipere,</strong></span> <span class='ocrx_word' id='word_1_285' title='bbox 1136 3712 1246 3777; x_wconf 90' lang='lat' dir='ltr'><strong>capere</strong></span> 
     </span>
     <span class='ocr_line' id='line_1_32' title="bbox 50 3796 1248 3883; baseline 0.001 -19"><span class='ocrx_word' id='word_1_286' title='bbox 50 3802 98 3865; x_wconf 83' lang='lat' dir='ltr'><strong>vel</strong></span> <span class='ocrx_word' id='word_1_287' title='bbox 117 3800 203 3863; x_wconf 88' lang='lat' dir='ltr'><strong>aliam</strong></span> <span class='ocrx_word' id='word_1_288' title='bbox 230 3818 438 3883; x_wconf 88' lang='lat' dir='ltr'><strong>quamcunque</strong></span> <span class='ocrx_word' id='word_1_289' title='bbox 466 3796 602 3860; x_wconf 88' lang='lat' dir='ltr'><strong>iniuriam</strong></span> <span class='ocrx_word' id='word_1_290' title='bbox 625 3798 738 3860; x_wconf 86' lang='lat' dir='ltr'><strong>inferre</strong></span> <span class='ocrx_word' id='word_1_291' title='bbox 756 3799 865 3861; x_wconf 80' lang='lat' dir='ltr'><strong>audeat</strong></span> <span class='ocrx_word' id='word_1_292' title='bbox 880 3798 929 3861; x_wconf 93' lang='lat' dir='ltr'><strong>uel</strong></span> <span class='ocrx_word' id='word_1_293' title='bbox 946 3805 1115 3882; x_wconf 87' lang='lat' dir='ltr'><strong>presumat;</strong></span> <span class='ocrx_word' id='word_1_294' title='bbox 1144 3805 1174 3864; x_wconf 90' lang='lat' dir='ltr'><strong>et</strong></span> <span class='ocrx_word' id='word_1_295' title='bbox 1189 3800 1248 3865; x_wconf 89' lang='lat' dir='ltr'><strong>boe</strong></span> 
     </span>
     <span class='ocr_line' id='line_1_33' title="bbox 50 3904 1245 3996; baseline 0.001 -25"><span class='ocrx_word' id='word_1_296' title='bbox 50 3910 195 3996; x_wconf 89' lang='lat' dir='ltr'><strong>precipue</strong></span> <span class='ocrx_word' id='word_1_297' title='bbox 212 3908 241 3969; x_wconf 91' lang='lat' dir='ltr'><strong>in</strong></span> <span class='ocrx_word' id='word_1_298' title='bbox 259 3904 348 3969; x_wconf 79' lang='lat' dir='ltr'><strong>Curia</strong></span> <span class='ocrx_word' id='word_1_299' title='bbox 364 3908 498 3990; x_wconf 89' lang='lat' dir='ltr'><strong>ipsorum</strong></span> <span class='ocrx_word' id='word_1_300' title='bbox 515 3905 640 3969; x_wconf 80' lang='lat' dir='ltr'><strong>fratrum</strong></span> <span class='ocrx_word' id='word_1_301' title='bbox 658 3906 996 3971; x_wconf 78' lang='lat' dir='ltr'><strong>Paeonicnea&#39;volumus</strong></span> <span class='ocrx_word' id='word_1_302' title='bbox 1012 3913 1045 3970; x_wconf 87' lang='lat' dir='ltr'><strong>et</strong></span> <span class='ocrx_word' id='word_1_303' title='bbox 1058 3907 1245 3993; x_wconf 83' lang='lat' dir='ltr'><strong>precipimus</strong></span> 
     </span>
     <span class='ocr_line' id='line_1_34' title="bbox 52 4011 1245 4099; baseline -0.002 -17"><span class='ocrx_word' id='word_1_304' title='bbox 52 4018 176 4082; x_wconf 88' lang='lat' dir='ltr'><strong>firmiter</strong></span> <span class='ocrx_word' id='word_1_305' title='bbox 191 4014 361 4079; x_wconf 89' lang='lat' dir='ltr'><strong>obseruari.</strong></span> <span class='ocrx_word' id='word_1_306' title='bbox 401 4012 479 4077; x_wconf 85' lang='lat' dir='ltr'><strong>Item</strong></span> <span class='ocrx_word' id='word_1_307' title='bbox 496 4012 670 4084; x_wconf 77' lang='lat' dir='ltr'><strong>statuimus,</strong></span> <span class='ocrx_word' id='word_1_308' title='bbox 698 4014 777 4099; x_wconf 87' lang='lat' dir='ltr'><strong>quod</strong></span> <span class='ocrx_word' id='word_1_309' title='bbox 802 4013 829 4077; x_wconf 87' lang='lat' dir='ltr'><strong>si</strong></span> <span class='ocrx_word' id='word_1_310' title='bbox 853 4011 961 4097; x_wconf 86' lang='lat' dir='ltr'><strong>aliquis</strong></span> <span class='ocrx_word' id='word_1_311' title='bbox 984 4015 1172 4089; x_wconf 86' lang='lat' dir='ltr'><strong>colonorum,</strong></span> <span class='ocrx_word' id='word_1_312' title='bbox 1198 4019 1245 4080; x_wconf 87' lang='lat' dir='ltr'><strong>uel</strong></span> 
     </span>
     <span class='ocr_line' id='line_1_35' title="bbox 53 4119 1246 4211; baseline -0.002 -21"><span class='ocrx_word' id='word_1_313' title='bbox 53 4126 217 4195; x_wconf 91' lang='lat' dir='ltr'><strong>bominum,</strong></span> <span class='ocrx_word' id='word_1_314' title='bbox 246 4131 296 4185; x_wconf 88' lang='lat' dir='ltr'><strong>aut</strong></span> <span class='ocrx_word' id='word_1_315' title='bbox 320 4120 520 4203; x_wconf 85' lang='lat' dir='ltr'><strong>Jobagionum</strong></span> <span class='ocrx_word' id='word_1_316' title='bbox 545 4119 619 4185; x_wconf 89' lang='lat' dir='ltr'><strong>dieti</strong></span> <span class='ocrx_word' id='word_1_317' title='bbox 636 4120 813 4185; x_wconf 85' lang='lat' dir='ltr'><strong>blonasterii</strong></span> <span class='ocrx_word' id='word_1_318' title='bbox 834 4126 865 4184; x_wconf 94' lang='lat' dir='ltr'><strong>et</strong></span> <span class='ocrx_word' id='word_1_319' title='bbox 886 4120 1012 4185; x_wconf 80' lang='lat' dir='ltr'><strong>fratrum</strong></span> <span class='ocrx_word' id='word_1_320' title='bbox 1029 4126 1246 4211; x_wconf 86' lang='lat' dir='ltr'><strong>cuiuscumque</strong></span> 
     </span>
     <span class='ocr_line' id='line_1_36' title="bbox 52 4227 1246 4315; baseline -0.002 -15"><span class='ocrx_word' id='word_1_321' title='bbox 52 4248 142 4301; x_wconf 87' lang='lat' dir='ltr'><strong>eanse</strong></span> <span class='ocrx_word' id='word_1_322' title='bbox 173 4233 222 4297; x_wconf 92' lang='lat' dir='ltr'><strong>uel</strong></span> <span class='ocrx_word' id='word_1_323' title='bbox 252 4232 422 4297; x_wconf 88' lang='lat' dir='ltr'><strong>nocumenti</strong></span> <span class='ocrx_word' id='word_1_324' title='bbox 451 4250 505 4295; x_wconf 87' lang='lat' dir='ltr'><strong>seu</strong></span> <span class='ocrx_word' id='word_1_325' title='bbox 529 4229 693 4295; x_wconf 85' lang='lat' dir='ltr'><strong>sedicionie</strong></span> <span class='ocrx_word' id='word_1_326' title='bbox 721 4236 860 4315; x_wconf 81' lang='lat' dir='ltr'><strong>pretextu</strong></span> <span class='ocrx_word' id='word_1_327' title='bbox 887 4227 978 4293; x_wconf 86' lang='lat' dir='ltr'><strong>morti</strong></span> <span class='ocrx_word' id='word_1_328' title='bbox 1008 4229 1246 4306; x_wconf 83' lang='lat' dir='ltr'><strong>adiudicaturus,</strong></span> 
     </span>
     <span class='ocr_line' id='line_1_37' title="bbox 51 4337 1246 4427; baseline -0.004 -16"><span class='ocrx_word' id='word_1_329' title='bbox 51 4344 162 4416; x_wconf 77' lang='lat' dir='ltr'><strong>iudex,</strong></span> <span class='ocrx_word' id='word_1_330' title='bbox 188 4341 226 4405; x_wconf 88' lang='lat' dir='ltr'><strong>ad</strong></span> <span class='ocrx_word' id='word_1_331' title='bbox 249 4362 336 4427; x_wconf 89' lang='lat' dir='ltr'><strong>quem</strong></span> <span class='ocrx_word' id='word_1_332' title='bbox 359 4339 528 4405; x_wconf 84' lang='lat' dir='ltr'><strong>huiusmodi</strong></span> <span class='ocrx_word' id='word_1_333' title='bbox 550 4358 682 4425; x_wconf 84' lang='lat' dir='ltr'><strong>persone</strong></span> <span class='ocrx_word' id='word_1_334' title='bbox 697 4337 849 4403; x_wconf 82' lang='lat' dir='ltr'><strong>dudieiom</strong></span> <span class='ocrx_word' id='word_1_335' title='bbox 870 4338 1017 4421; x_wconf 84' lang='lat' dir='ltr'><strong>pertinet,</strong></span> <span class='ocrx_word' id='word_1_336' title='bbox 1042 4339 1081 4403; x_wconf 89' lang='lat' dir='ltr'><strong>de</strong></span> <span class='ocrx_word' id='word_1_337' title='bbox 1098 4340 1162 4404; x_wconf 86' lang='lat' dir='ltr'><strong>sola</strong></span> <span class='ocrx_word' id='word_1_338' title='bbox 1179 4342 1246 4406; x_wconf 89' lang='lat' dir='ltr'><strong>eios</strong></span> 
     </span>
     <span class='ocr_line' id='line_1_38' title="bbox 50 4444 1249 4540; baseline -0.002 -25"><span class='ocrx_word' id='word_1_339' title='bbox 50 4471 178 4540; x_wconf 87' lang='lat' dir='ltr'><strong>persona</strong></span> <span class='ocrx_word' id='word_1_340' title='bbox 205 4449 317 4513; x_wconf 84' lang='lat' dir='ltr'><strong>habeat</strong></span> <span class='ocrx_word' id='word_1_341' title='bbox 343 4446 494 4511; x_wconf 84' lang='lat' dir='ltr'><strong>indicandi</strong></span> <span class='ocrx_word' id='word_1_342' title='bbox 523 4452 719 4531; x_wconf 86' lang='lat' dir='ltr'><strong>potestatem,</strong></span> <span class='ocrx_word' id='word_1_343' title='bbox 747 4444 840 4509; x_wconf 88' lang='lat' dir='ltr'><strong>rebus</strong></span> <span class='ocrx_word' id='word_1_344' title='bbox 864 4452 895 4508; x_wconf 89' lang='lat' dir='ltr'><strong>et</strong></span> <span class='ocrx_word' id='word_1_345' title='bbox 916 4444 1003 4509; x_wconf 90' lang='lat' dir='ltr'><strong>bonis</strong></span> <span class='ocrx_word' id='word_1_346' title='bbox 1030 4446 1167 4511; x_wconf 87' lang='lat' dir='ltr'><strong>eiusdem</strong></span> <span class='ocrx_word' id='word_1_347' title='bbox 1184 4454 1249 4513; x_wconf 84' lang='lat' dir='ltr'><strong>vni·</strong></span> 
     </span>
    </p>
   </div>
   <div class='ocr_carea' id='block_1_3' title="bbox 55 4554 1250 4736">
    <p class='ocr_par' dir='ltr' id='par_1_3' title="bbox 55 4554 1250 4736">
     <span class='ocr_line' id='line_1_39' title="bbox 55 4554 1250 4641; baseline -0.004 -14"><span class='ocrx_word' id='word_1_348' title='bbox 55 4560 149 4627; x_wconf 83' lang='lat' dir='ltr'><strong>uersis</strong></span> <span class='ocrx_word' id='word_1_349' title='bbox 173 4558 210 4623; x_wconf 89' lang='lat' dir='ltr'><strong>ad</strong></span> <span class='ocrx_word' id='word_1_350' title='bbox 235 4578 339 4621; x_wconf 83' lang='lat' dir='ltr'><strong>manue</strong></span> <span class='ocrx_word' id='word_1_351' title='bbox 357 4557 505 4621; x_wconf 83' lang='lat' dir='ltr'><strong>dictorum</strong></span> <span class='ocrx_word' id='word_1_352' title='bbox 529 4558 656 4620; x_wconf 78' lang='lat' dir='ltr'><strong>fratrum</strong></span> <span class='ocrx_word' id='word_1_353' title='bbox 673 4557 763 4641; x_wconf 87' lang='lat' dir='ltr'><strong>plene</strong></span> <span class='ocrx_word' id='word_1_354' title='bbox 780 4554 950 4628; x_wconf 87' lang='lat' dir='ltr'><strong>deuolutis,</strong></span> <span class='ocrx_word' id='word_1_355' title='bbox 980 4574 1016 4617; x_wconf 91' lang='lat' dir='ltr'><strong>eo</strong></span> <span class='ocrx_word' id='word_1_356' title='bbox 1040 4556 1195 4619; x_wconf 87' lang='lat' dir='ltr'><strong>declarato</strong></span> <span class='ocrx_word' id='word_1_357' title='bbox 1218 4565 1250 4622; x_wconf 85' lang='lat' dir='ltr'><strong>et</strong></span> 
     </span>
     <span class='ocr_line' id='line_1_40' title="bbox 81 4674 1029 4736; baseline -0.018 -10"><span class='ocrx_word' id='word_1_358' title='bbox 81 4680 172 4727; x_wconf 78' lang='lat' dir='ltr'><strong>Fontes.</strong></span> <span class='ocrx_word' id='word_1_359' title='bbox 190 4675 261 4722; x_wconf 79' lang='lat' dir='ltr'><strong>uhtu.</strong></span> <span class='ocrx_word' id='word_1_360' title='bbox 278 4676 303 4721; x_wconf 89' lang='lat' dir='ltr'><strong>ll.</strong></span> <span class='ocrx_word' id='word_1_361' title='bbox 321 4674 362 4721; x_wconf 80' lang='lat' dir='ltr'><strong>Ba.</strong></span> <span class='ocrx_word' id='word_1_362' title='bbox 379 4675 436 4719; x_wconf 80' lang='lat' dir='ltr'><strong>xvi.</strong></span> <span class='ocrx_word' id='word_1_363' title='bbox 1011 4681 1029 4736; x_wconf 65' lang='lat'>4</span> 
     </span>
    </p>
   </div>
   <div class='ocr_carea' id='block_1_4' title="bbox 0 0 1535 5067">
    <p class='ocr_par' dir='ltr' id='par_1_4' title="bbox 0 0 1535 5067">
     <span class='ocr_line' id='line_1_41' title="bbox 0 0 1535 5067; baseline 0 0"><span class='ocrx_word' id='word_1_364' title='bbox 0 0 1535 5067; x_wconf 95' lang='lat' dir='ltr'><strong> </strong></span> 
     </span>
    </p>
   </div>
  </div>
 </body>
</html>
