3059 5067
1177 369 1255 440 247

94 543 196 610 ‘mus
221 548 331 611 Datum
347 546 480 612 sabbato
502 547 638 632 proximo
660 553 731 612 ante
752 547 930 612 dominicam
948 545 1155 611 lieminisoere
1179 564 1257 608 anno

83 655 169 718 mini
185 656 244 721 tm.
260 651 362 722 000⁶.
379 657 437 720 ΙΝ
453 657 549 722 Nono.

31 855 32 867 ¹
48 754 54 805 l
120 797 250 869 original
263 799 312 854 aui
321 799 479 870 Pergameni
490 799 538 856 mil
551 800 610 855 deur
624 799 706 856 lisele
721 800 794 856 aines
815 801 963 855 rdciutrts
977 797 1156 868 ausgedruclt
1169 813 1257 870 gevre·

31 869 134 942 *anea
149 889 270 960 samu.

564 1071 753 1154 ccxxxi.

36 1192 132 1268 M,
154 1196 204 1256 dd.
215 1197 302 1270 lull.
317 1228 351 1240 —·
362 1198 489 1262 nomn.
502 1198 608 1272 Propet
617 1213 676 1254 veo
687 1197 861 1269 Proealcro.
882 1196 996 1253 amente
1009 1197 1062 1252 der
1074 1197 1155 1253 Alter·
1166 1198 1256 1255 licili-

38 1289 205 1356 mkrm
222 1288 270 1344 ete
285 1287 379 1344 uada
390 1288 492 1363 Pseud
503 1289 650 1362 Psermino
665 1289 749 1345 deuo
760 1307 818 1345 vore
829 1289 922 1344 duem
932 1290 1028 1344 Haece
1040 1305 1079 1344 so
1091 1289 1256 1360 Proculus-9.

146 1414 213 1480 Noa
228 1415 400 1490 Hortinae,
415 1416 496 1480 lilius
511 1415 662 1503 quondam
678 1417 820 1506 Dypmi
833 1419 886 1502 pic
901 1419 1065 1489 memorie,
1082 1418 1256 1501 prepositus

42 1525 281 1596 Poeouienaim
304 1525 452 1590 ldemorie
472 1526 688 1592 emendantes
716 1526 924 1609 significamus
954 1527 1120 1598 uniuersis,
1148 1525 1257 1612 quibus

43 1633 183 1718 expedit
192 1636 385 1718 presencium
401 1656 457 1720 por
471 1643 618 1707 tenorem.
636 1637 723 1719 Quod
739 1633 935 1702 ohdeuotum
957 1643 988 1699 et
1012 1637 1163 1701 sincerum
1181 1635 1257 1700 aile-

43 1749 146 1817 ctum,
164 1761 255 1829 quem
269 1744 405 1827 gerimus
423 1743 461 1808 ad
475 1743 668 1810 uenerabiles
684 1749 715 1810 et
730 1745 901 1825 lieligiosos
917 1746 999 1810 viros
1016 1745 1166 1809 dominum
1186 1793 1194 1809 .
1231 1795 1239 1810 .

43 1851 205 1917 Abbatcm
218 1858 248 1916 et
259 1852 446 1917 Couoentum
459 1853 634 1918 ilonasterii
646 1854 766 1920 Sancte
773 1853 895 1931 Crocia,
908 1871 976 1938 ymo
989 1855 1025 1918 ad
1039 1853 1137 1938 ipsum
1150 1853 1257 1918 lllona-

45 1963 203 2034 sterium,
232 1963 360 2026 mediam
384 1962 490 2026 libram
510 1965 651 2048 perpetui
668 1962 784 2028 Consus
812 1961 851 2026 de
879 1963 965 2027 domo
994 1962 1112 2026 Relicto
1135 1963 1258 2028 atomo·

45 2066 218 2134 carnificis
235 2071 293 2133 sita
309 2073 341 2134 in
357 2069 512 2136 vicinitate
527 2073 632 2136 domus
651 2071 792 2140 Oonrodi
808 2070 882 2138 dicti
901 2073 1032 2159 Rumpf,
1056 2079 1088 2135 at
1107 2089 1143 2133 ex
1159 2072 1254 2134 altera

45 2185 141 2264 parte
158 2181 192 2243 in
207 2179 363 2243 vicinitate
379 2178 471 2244 curie
493 2178 584 2259 locate
599 2182 778 2248 Ketlorine
792 2183 823 2244 in
840 2179 991 2252 Poeunio.
1017 2185 1102 2244 annis
1125 2178 1255 2262 singulis

45 2287 231 2353 soluendam
247 2288 386 2353 dedimus
402 2296 433 2353 et
448 2291 628 2354 contulimus
645 2291 761 2354 eisdem
779 2290 907 2354 dominis
921 2289 1028 2353 ablati
1046 2293 1076 2352 et
1088 2287 1255 2354 Conuentui

47 2417 85 2462 ac
101 2399 293 2463 ldonasterio
313 2406 425 2466 sancte
441 2401 552 2466 &ocra
568 2399 692 2464 Ordinis
720 2399 935 2464 Cisterciensis
953 2399 1157 2465 Putauienaie
1178 2397 1256 2484 dyo·

50 2508 138 2571 cesis
156 2507 321 2571 antedictis
343 2513 457 2572 mantra
484 2507 711 2574 deliberacione
731 2509 837 2593 preuia
855 2509 1078 2592 inperpetuum
1095 2507 1258 2592 possiden-

52 2616 124 2678 dam
143 2635 183 2679 eo
199 2615 292 2688 lure,
319 2635 379 2701 quo
402 2617 474 2681 milri
490 2618 671 2702 aliquamdiu
688 2624 719 2682 et
735 2617 894 2703 hucusque
921 2617 1019 2680 extitit
1046 2618 1160 2682 seruita
1189 2618 1257 2681 sine

51 2724 297 2789 contradictione
312 2725 432 2808 aliquali
449 2731 539 2812 atquc
553 2724 979 2791 secundumconsuetudinem
997 2726 1134 2790 Ciuitatis
1150 2726 1254 2788 harum

51 2835 166 2919 quibus
183 2834 323 2916 Sigillum
344 2841 478 2897 nostrum
495 2855 661 2920 appensum
686 2842 735 2900 est
749 2835 920 2900 testimonio
937 2835 1112 2899 litterarum.
1145 2831 1253 2898 Datum

51 2942 81 3003 in
108 2941 218 3024 uigilia
245 2943 402 3007 beatorum
431 2943 561 3028 Philippi
589 2950 621 3008 et
650 2943 757 3008 taeooi
786 2939 1004 3028 apostolorum,
1033 2945 1116 3006 Anno
1141 2940 1255 3005 domiui

52 3047 109 3113 ΜΦ.
126 3049 230 3115 0000.
248 3052 505 3137 Quinquagesimo
522 3051 619 3115 Nono.

127 3196 247 3268 original
260 3197 308 3252 aui
319 3197 478 3268 Pergameni
489 3198 538 3253 mit
551 3197 650 3269 Siagsl.

49 3522 135 3594 1³59,
157 3521 185 3580 8.
199 3522 262 3584 Uel.
277 3554 312 3564 -
326 3524 443 3580 Richter·
456 3524 515 3579 aad
530 3523 717 3579 (leeciworne
729 3521 783 3577 der
794 3521 881 3580 stadt
893 3521 1052 3592 Preaadaro
1065 3520 1251 3579 deorlsundeu

48 3613 337 3683 ondiatatiqmdic
349 3613 535 3685 Scimluno,
558 3613 660 3669 uelem
673 3611 753 3668 mou
769 3611 877 3675 (loisel,
909 3611 1053 3683 Woltleina
1066 3612 1249 3667 deal'leiaolr·
1361 3643 1369 3652 ·

48 3704 170 3762 laedere
186 3707 305 3770 Wtom,
327 3705 379 3762 aer
390 3705 472 3761 Adici
482 3705 702 3775 Heilioenlorm
719 3703 774 3759 mit
785 3706 919 3759 nauem
939 3703 999 3760 oud
1016 3704 1199 3773 Weinqttrten
1219 3706 1250 3760 in

402 3797 462 3851 unul
475 3796 520 3852 oei
529 3795 690 3864 Praetura
699 3796 829 3864 emolit
840 3795 898 3850 tot.

139 3925 192 3988 lclr
208 3927 308 3992 Jocod
323 3925 379 3988 der
396 3925 522 3990 liiclrter
539 3927 603 3990 vau
628 3929 677 4012 pei
702 3945 845 4011 gesworu
867 3927 993 4009 puriger
1010 3945 1046 3988 ze
1063 3925 1247 4012 Preapdrolo

49 4031 120 4098 Wir
136 4033 281 4096 rericheo
298 4033 441 4098 olienliclr
470 4037 523 4098 mit
546 4036 614 4099 dem
636 4037 720 4102 briei
733 4035 811 4100 allen
829 4035 904 4107 den,
935 4035 983 4099 die
1000 4035 1030 4095 iu
1047 4033 1155 4096 sehent
1171 4033 1247 4098 oder

48 4139 159 4205 luerent
175 4142 278 4211 lesen.
308 4142 358 4206 die
386 4163 424 4206 nv
446 4143 513 4208 siud
531 4145 587 4210 mu
605 4147 660 4210 lrer
682 4147 759 4210 uaclr
777 4143 914 4226 chuultig
931 4141 1082 4214 werdoni,
1109 4141 1171 4206 Bau
1200 4143 1248 4206 liir

48 4270 102 4313 rus
125 4249 252 4314 chumen
274 4251 314 4314 ist
339 4250 390 4315 die
412 4253 516 4316 llrsam
533 4274 613 4318 uraw
640 4276 720 4318 vrau
738 4253 855 4338 Geyael
872 4252 1027 4336 Willlleins
1042 4251 1099 4314 dez
1116 4253 1247 4317 weissen

48 4358 130 4422 nitio
147 4358 205 4421 dez
222 4359 427 4432 vlelschaler,
445 4361 514 4424 dem
531 4363 592 4425 Got
608 4362 707 4444 guad.
734 4361 795 4424 vnd
812 4360 864 4424 hat
881 4360 986 4424 ‹lurich
1003 4361 1032 4421 ir
1048 4359 1092 4422 sel
1109 4358 1168 4422 hail
1187 4361 1244 4423 vnd

48 4468 121 4532 auch
139 4466 247 4532 durich
269 4467 325 4532 der
341 4467 457 4532 audaci
481 4469 599 4540 sitien,
625 4468 674 4534 die
696 4471 722 4532 si
739 4489 777 4532 zv
794 4468 861 4532 dem
879 4468 981 4531 Orden
1008 4471 1060 4532 hat
1076 4469 1158 4532 hintn
1176 4468 1242 4533 dem

48 4577 203 4664 lleyliqen
220 4576 375 4652 cornus,
393 4576 448 4640 daz
466 4577 504 4640 do
521 4577 575 4641 leit
590 4579 620 4641 iu
637 4581 806 4644 Puuaowcr
822 4578 953 4650 Pistum,
981 4579 1040 4643 vnd
1058 4577 1165 4642 durich
1183 4579 1245 4641 irer
