3059 5067
268 392 316 464 12

263 568 423 649 conjugem
439 566 602 649 legitimam
618 571 649 630 et
666 585 798 637 uxorem,
814 565 967 630 dimidiam
983 571 1099 649 partem
1123 567 1226 631 curiae
1243 570 1272 632 in
1290 568 1458 635 Grueneclr

263 676 321 760 ipsi
336 675 499 761 Leupoldo
515 673 577 737 filio
594 693 649 740 suo
667 672 704 737 ad
725 674 851 737 eandem
866 674 1014 737 dominam
1036 680 1068 737 et
1084 674 1183 738 eidem
1200 676 1339 739 dominae
1354 677 1458 759 resig-

262 782 371 845 nando.
400 783 532 854 Tamen,
557 781 625 867 quia
646 781 713 864 ipsa
736 779 853 843 domina
877 780 1040 844 sesundum
1067 781 1167 863 legem
1189 785 1355 847 mortalium
1378 785 1459 847 ritae

261 890 400 973 spiritum
417 887 564 961 exalavit,
594 889 760 973 supradicti
777 888 945 976 Philippus
969 894 1001 953 et
1014 891 1190 956 Heinricus
1206 890 1288 954 tilius
1304 892 1373 973 ejus
1389 910 1457 956 curn

262 1003 425 1062 memorato
441 997 597 1063 Heinrico
613 996 652 1061 de
668 996 817 1063 Rorbucb
832 997 941 1061 iterum
958 997 1140 1062 discordiam
1157 997 1352 1071 inchoarant,
1380 1018 1458 1083 quae

261 1124 340 1169 nunc
356 1104 554 1169 amicabiliter
571 1110 617 1169 est
634 1106 802 1189 composita
825 1111 857 1171 et
880 1106 984 1169 sedata
1001 1106 1066 1179 sic,
1094 1106 1175 1189 quod
1198 1107 1374 1171 Heinricus
1394 1106 1456 1187 jam

260 1214 359 1279 dictus
386 1220 418 1279 ct
445 1214 524 1278 tilius
545 1235 618 1280 suus
640 1216 824 1303 Leupoldus
850 1235 925 1297 sepe
951 1214 1041 1279 dictis
1062 1215 1225 1303 Pbylippo
1253 1221 1284 1278 et
1299 1214 1368 1279 otio
1391 1216 1457 1297 ejus

259 1324 402 1389 Haurico
419 1322 566 1389 dederunt
583 1323 641 1387 duo
668 1323 781 1387 talenta
809 1324 999 1388 denariorum
1019 1328 1050 1387 et
1073 1323 1199 1388 duarum
1225 1323 1395 1387 tunicarum
1419 1323 1457 1388 de

260 1451 359 1515 panno
376 1431 479 1512 griseo
497 1432 533 1496 ad
550 1431 694 1496 valorem.
729 1432 926 1514 Abnegautes
941 1434 1044 1516 itaquo
1063 1432 1124 1513 jam
1151 1431 1224 1496 dicti
1238 1430 1412 1520 Philippus
1426 1436 1458 1497 et

260 1537 342 1601 tilius
358 1538 424 1621 ejus
439 1542 480 1605 Η.
515 1538 611 1603 Omne
624 1538 675 1620 jus
692 1545 724 1602 et
736 1539 815 1621 juris
832 1539 982 1611 auxilium,
999 1558 1178 1622 omnemque
1194 1538 1403 1622 impetitionem
1428 1545 1458 1602 et

258 1646 464 1731 quaestionem
492 1648 592 1713 curiae
617 1666 708 1731 supra
730 1648 813 1714 dicte
836 1668 892 1731 pro
909 1668 945 1712 se
962 1653 991 1711 et
1007 1668 1062 1731 pro
1079 1647 1217 1711 omuibus
1234 1647 1298 1711 suis
1314 1647 1456 1712 affinibus

259 1760 291 1818 et
306 1755 462 1837 cognatis,
491 1754 549 1819 sibi
576 1776 669 1839 super
692 1773 728 1819 eo
751 1758 930 1839 perpetuum
946 1753 1098 1819 silentium
1113 1755 1314 1837 imponentes,
1341 1754 1458 1819 Promi-

259 1868 357 1926 ientes
378 1860 500 1926 tirmiter
524 1866 555 1926 ct
570 1862 710 1947 precisce
727 1882 782 1947 pro
800 1861 936 1925 omnibus
951 1862 1015 1931 suis
1031 1860 1195 1925 heredibus
1213 1861 1272 1926 tide
1296 1882 1352 1926 sua
1368 1862 1458 1926 nobis

258 1974 400 2055 porrecta
411 1988 468 2053 per
478 1969 689 2053 jusjurandum
701 1970 732 2034 in
746 1970 859 2033 animas
871 1990 955 2043 suas,
968 1970 1048 2055 quod
1062 1971 1268 2053 supradictum
1279 1972 1457 2036 Hanricam

258 2076 297 2141 de
313 2076 471 2149 Rorbccb.
497 2083 548 2141 aut
571 2077 660 2142 alium
683 2078 893 2162 qualicumque
915 2077 1145 2141 inhabitatorem
1171 2078 1257 2142 curie
1271 2083 1456 2143 memoratae

258 2185 518 2257 commotionibus,
534 2184 766 2256 turbationibus,
785 2184 1013 2270 quaestionibus
1029 2189 1062 2249 et
1077 2184 1311 2269 inpeditionibus
1328 2184 1456 2270 quibus·

259 2312 378 2377 cunque
394 2312 591 2376 personarum
607 2297 658 2357 aut
670 2312 770 2356 rerum
781 2292 911 2357 ocultam
924 2297 976 2357 aut
987 2293 1178 2358 manifestam
1193 2291 1341 2357 lesionem
1354 2292 1457 2356 verbis

258 2402 306 2465 rel
322 2400 465 2485 operibus
481 2420 540 2463 non
556 2400 668 2465 iaciant
696 2400 873 2485 aliqualem,
904 2406 1094 2465 assumentes
1109 2401 1235 2485 insuper
1261 2406 1293 2465 et
1319 2401 1458 2465 strictius

258 2531 293 2573 se
319 2508 468 2592 ligantes,
500 2516 556 2579 ut,
587 2509 834 2593 quandocumque
857 2525 1005 2590 processu
1030 2508 1174 2593 temporis
1202 2506 1399 2595 Pbplippron
1426 2514 1457 2573 et

260 2617 449 2682 [Iniuriosum
477 2615 570 2681 tilium
597 2636 683 2680 suum
710 2618 741 2679 in
770 2634 978 2700 quemcunque
1010 2615 1131 2681 modum
1159 2634 1318 2680 rancorem
1347 2621 1455 2680 contra

261 2724 449 2789 [Inimicum
465 2722 503 2788 de
526 2723 674 2790 Itordocb
702 2730 752 2787 aut
773 2742 984 2808 possessorem
1001 2724 1103 2787 curiae
1123 2721 1317 2808 supradictae
1333 2724 1456 2787 coutin-

258 2830 340 2913 gerit
362 2833 515 2904 excitare,
544 2831 625 2914 quod
648 2835 720 2894 tunc
737 2851 837 2895 rerum
853 2837 885 2894 et
901 2850 1097 2914 personarum
1113 2831 1279 2912 periculum
1295 2832 1457 2894 incurrere

258 2938 448 3003 tenebuntur.
466 2938 572 3003 Datum
586 2958 662 3002 anno
677 2937 796 3001 Domini
808 2934 926 3001 MCCC.
937 2937 984 3001 lll.
998 2936 1133 3021 Septimo
1143 2935 1292 3001 calendas
1300 2936 1456 3001 Octobris.

331 3080 399 3135 Zmei
413 3079 624 3151 gleiclrlautende
637 3078 771 3151 originale
785 3079 833 3135 sui
842 3080 998 3150 Perqumsnt
1010 3080 1057 3132 mit
1070 3078 1170 3150 Siegel.

808 3277 900 3356 XIV.

258 3419 333 3491 11111,
352 3419 388 3478 17.
401 3418 562 3491 iurentur,
584 3418 669 3478 Vidn.
691 3450 726 3461 —
748 3420 850 3494 Ortolf
866 3438 922 3475 ron
941 3420 1119 3476 Ammonos
1141 3419 1276 3490 wimari
1303 3417 1357 3474 der
1373 3420 1457 3474 Abtea'

258 3508 478 3578 ilciliqenkreus
497 3508 573 3580 [oluf
590 3508 702 3581 Hand,
721 3508 795 3563 sens
813 3508 972 3581 Psennimpe
991 3507 1077 3563 Gallie
1097 3526 1134 3562 aa
1162 3508 1378 3581 Hcdricludorf
1395 3508 1458 3563 und

631 3597 678 3653 die
693 3598 933 3654 Gericltodarlreit
944 3598 1074 3654 memor.

348 3709 400 3773 lch
414 3709 526 3793 Ortols
536 3709 855 3795 condiocnproclrem
872 3708 931 3776 rud
947 3708 997 3773 iob
1013 3709 1167 3775 Gerbircb
1181 3708 1250 3773 sein
1262 3710 1456 3773 Haemum

257 3814 317 3880 rud
343 3816 393 3880 ich
414 3816 565 3881 Fridricb
587 3816 646 3881 vnd
673 3816 724 3880 ioh
745 3816 898 3883 Aloreelr
920 3817 947 3879 ir
969 3837 1043 3880 sune
1067 3814 1134 3879 Vnd
1157 3816 1207 3879 ich
1223 3816 1369 3901 Mnrprct
1395 3816 1455 3880 rnd

258 3924 307 3987 ich
324 3925 450 3988 Diemot
474 3922 531 3987 rud
550 3922 600 3987 ich
613 3925 719 4011 Apsos
735 3925 795 3987 und
810 3924 858 3987 ich
873 3926 1038 3989 Gerttruct
1053 3925 1082 3987 ir
1093 3924 1204 3988 tohter.
1220 3924 1291 3987 Wir
1307 3922 1456 3987 rerieben

260 4031 317 4095 rnd
335 4040 384 4095 tun
403 4031 494 4095 cluunt
512 4029 590 4094 allen
607 4030 682 4103 den,
705 4031 735 4094 di
761 4032 848 4095 diseo
863 4032 949 4116 priet'
958 4030 1058 4095 lesent
1075 4030 1151 4095 oder
1162 4031 1271 4095 borent
1288 4029 1386 4105 lesen,
1405 4032 1456 4095 die

260 4160 298 4202 nr
315 4139 417 4202 lebenl
432 4140 490 4203 rud
506 4138 621 4202 bernah
636 4138 792 4204 obuutticb
809 4142 886 4211 sint,
908 4139 971 4202 Dan
987 4139 1044 4202 wir
1061 4138 1114 4202 mit
1129 4159 1221 4203 roser
1237 4139 1332 4202 erben
1348 4144 1455 4221 guteu

258 4246 358 4311 witlen
376 4246 433 4309 rud
450 4240 548 4327 grnst,
565 4245 625 4309 rnd
643 4247 695 4309 mit
710 4245 887 4311 verdalrtem
908 4250 989 4309 mute
1004 4246 1063 4309 rud
1084 4246 1138 4309 mit
1153 4246 1296 4325 zeitigem
1312 4250 1359 4309 rat
1376 4243 1455 4309 aller

258 4374 349 4418 roser
359 4354 500 4427 Frirude,
518 4354 790 4419 hernWeicburtes
805 4352 864 4418 rud
881 4353 956 4418 bern
966 4353 1144 4418 Cbndoldes
1158 4374 1220 4417 von
1231 4353 1455 4438 Pccnrqorten.

258 4461 317 4526 rud
339 4462 432 4525 ander
447 4482 537 4525 vnser
554 4460 684 4523 Frinnde
707 4462 766 4525 rnd
784 4461 836 4525 mit
850 4466 1026 4542 gesampter
1042 4461 1114 4525 bant
1129 4481 1165 4524 ar
1181 4459 1236 4523 der
1252 4460 1323 4525 neit.
1341 4458 1380 4522 do
1398 4462 1457 4523 wir

258 4570 285 4633 iz
304 4572 360 4635 wol
376 4574 468 4651 getrn
479 4568 610 4643 rnohten,
627 4570 784 4635 verulrauss
799 4567 897 4633 baben
910 4568 1128 4634 unsersrebten
1145 4569 1262 4649 uigens,
1276 4566 1352 4630 lirul
1360 4568 1455 4650 pbrnt
