3059 5067
308 386 358 459 32

305 561 450 647 plebanus
459 560 498 625 de
506 560 667 650 Saprnm'o
680 562 777 627 sotius
789 569 820 627 et
833 562 1051 627 concanonicus
1064 566 1167 625 noster
1183 562 1320 627 similiter
1336 582 1396 647 pro
1413 583 1452 627 se
1466 568 1494 627 et

304 694 360 759 pro
375 672 523 739 Jobnnne
545 694 580 737 ac
601 671 711 737 Endre
736 671 879 737 iratribus
900 672 982 746 suis,
1005 670 1075 736 tiliis
1096 670 1240 736 uidelicet
1260 673 1436 739 Benedicti
1456 670 1493 737 de

306 781 410 847 eadem
427 782 605 864 cognatione
621 780 778 868 Ropoltb,
806 800 842 847 ex
865 779 961 844 altero
982 780 1020 845 ad
1036 784 1168 844 nostram
1184 780 1369 864 presentiam
1385 801 1493 845 acces·

304 896 420 963 serunt,
442 897 473 955 et
488 890 621 974 prelatus
638 888 823 977 Stephanus
837 890 1003 974 portionem
1019 908 1102 954 suom
1118 892 1220 961 lotum,
1235 908 1324 974 quam
1340 887 1491 952 babuitio

303 998 498 1083 possessione
513 997 675 1064 Pecblcnd
697 1002 803 1061 vocata
826 1016 894 1061 cum
918 996 1054 1061 omnibus
1077 996 1256 1063 utilitatibus
1281 1003 1313 1061 et
1327 998 1490 1082 pertiuen-

304 1106 360 1171 ciis
376 1106 522 1191 portionis
551 1104 686 1169 eiusdem
708 1103 819 1170 nullom
841 1105 1018 1189 particulam
1040 1106 1100 1171 sibi
1120 1104 1151 1170 iu
1172 1104 1279 1170 eadem
1301 1106 1489 1171 reseruaudo

303 1216 391 1281 simul
408 1234 473 1280 cum
489 1220 595 1300 quarta
618 1215 755 1299 predicte
771 1214 892 1279 domiue
905 1214 1078 1301 Elysodetb
1093 1216 1206 1279 sororis
1222 1236 1292 1292 sue,
1317 1235 1409 1301 mam
1426 1216 1490 1300 ipss

303 1324 492 1390 domineiure
504 1322 631 1387 naturali
642 1324 804 1407 percipere
814 1322 945 1387 debebat
955 1326 986 1387 in
998 1323 1102 1388 eudem
1113 1324 1262 1407 portione,
1274 1324 1371 1398 dedit,
1381 1323 1490 1389 rendi·

300 1434 345 1501 dit
353 1434 513 1499 ettrodidit
521 1434 646 1519 prolatis
655 1434 808 1523 Gregorio
823 1433 950 1520 plebano
960 1454 996 1499 ac
1006 1434 1151 1501 Jobcnni
1160 1435 1328 1499 etEndrce
1341 1434 1488 1499 fratribus

301 1546 451 1617 eiusdem.
478 1544 613 1629 cognatis
635 1551 667 1610 et
689 1546 832 1630 proximis
855 1546 938 1619 sois,
965 1564 1021 1628 pro
1043 1544 1149 1627 viginti
1169 1544 1280 1610 marcis
1295 1543 1487 1611 denariorum

301 1674 356 1739 per
382 1652 512 1719 heredes
535 1654 741 1741 heredumque
768 1674 870 1719 eornm
893 1674 1089 1719 successores
1116 1661 1280 1737 perpetuo,
1306 1654 1439 1739 pacifice
1460 1660 1489 1719 et

302 1764 404 1850 quiete
431 1762 652 1848 possidendam.
689 1762 905 1849 Quemquidem
926 1763 1083 1849 pecuniam
1108 1764 1208 1828 dictus
1222 1762 1411 1852 Stepbcnuc
1431 1770 1488 1828 tam

301 1892 356 1958 pro
382 1892 434 1947 se,
450 1892 538 1957 quum
560 1891 615 1957 pro
632 1873 748 1955 prelata
777 1873 895 1937 domina
919 1891 1024 1937 sorore
1044 1892 1098 1937 sou
1111 1872 1247 1957 plenarie
1263 1874 1426 1939 consessus
1443 1879 1488 1937 est

302 1983 456 2067 recepisse
472 1982 509 2047 ab
526 1982 650 2047 eisdem.
681 1982 744 2046 lloc
761 1987 913 2067 assumpto
926 1988 957 2045 et
972 1981 1146 2065 specialiter
1161 1981 1325 2056 declarato.
1348 1982 1442 2068 quod,
1463 1982 1488 2045 si

301 2112 392 2178 supra
420 2088 502 2155 dictu
525 2088 641 2155 domiuo
663 2090 838 2177 Elyrobetb
863 2110 952 2155 soror
973 2110 1027 2155 sua
1047 2092 1164 2156 ratione
1179 2096 1284 2177 quarte
1299 2110 1371 2165 sue,
1401 2112 1485 2177 quam

303 2200 408 2266 babuit
424 2202 455 2265 iu
471 2200 550 2265 dicta
567 2200 720 2283 portione,
738 2200 768 2263 in
791 2206 944 2284 postorum
960 2218 1082 2265 mouere
1097 2201 1286 2287 questionem
1302 2200 1485 2273 intenderet,

300 2310 472 2396 sepedictus
488 2308 672 2397 Stephanus
693 2308 815 2373 eosdem
844 2309 1031 2397 Greporirnn
1057 2308 1217 2394 plebanum
1240 2315 1273 2375 et
1287 2310 1402 2374 iratres
1417 2330 1486 2374 suos

300 2416 481 2484 coheredes
504 2438 607 2483 corum
628 2416 781 2483 tenebitur
796 2418 941 2503 expedire
955 2419 1086 2504 propriis
1107 2417 1260 2483 laboribus
1285 2425 1317 2483 et
1332 2421 1485 2504 expensis,

300 2546 367 2593 curn
384 2527 480 2591 eidem
498 2526 615 2591 domine
631 2526 728 2591 sorori
744 2547 798 2591 sue
813 2548 849 2593 se
865 2548 920 2615 pro
935 2531 1042 2613 quarta
1056 2547 1108 2591 sua
1125 2527 1314 2592 satisfecisse
1330 2527 1486 2593 dixeritis

298 2638 426 2721 pecunie
441 2641 606 2720 prenotato.
653 2636 684 2700 ln
701 2636 787 2701 cuius
811 2636 857 2701 rei
882 2638 1055 2701 memoriam
1077 2640 1109 2700 et
1123 2642 1298 2723 perpetuum
1314 2634 1483 2701 firmitatem

296 2751 455 2831 presentes
480 2744 682 2809 concessimus
711 2744 827 2811 litteras
858 2750 960 2811 nosbo
986 2744 1088 2827 sigillo
1116 2745 1282 2810 roboratas.
1322 2746 1482 2810 {lotumin

296 2856 410 2919 oomnis
427 2858 620 2939 pentecostes
645 2872 721 2918 anuo
746 2853 855 2919 domini
872 2854 927 2919 bll.
943 2850 1034 2918 CCC·
1048 2854 1165 2919 decimo
1183 2857 1287 2939 primo.
1326 2854 1482 2939 blagistais

296 2964 446 3031 ladislao
471 2962 636 3047 preposito,
659 2963 790 3029 Andren
810 2961 925 3028 lectore
954 2969 986 3027 et
1013 2962 1177 3051 Stepbcno
1192 2963 1325 3029 Custode
1352 2962 1485 3029 ecclesie

296 3078 398 3138 nostre
414 3071 618 3137 existentibus.

367 3215 486 3289 Origine}
499 3215 547 3270 cul
557 3214 714 3287 Pergameut
725 3215 773 3270 mil
784 3214 883 3287 Siogel.

801 3396 961 3477 XXXVI.

292 3542 357 3614 1111,
369 3541 408 3601 11.
422 3540 488 3601 lull.
501 3572 537 3584 -
549 3540 671 3599 Kourod
682 3538 736 3597 der
747 3541 900 3597 numme
912 3556 950 3595 ss
960 3540 1100 3597 Hmelocb
1110 3539 1173 3595 ssd
1181 3538 1288 3596 Albcid
1296 3538 1375 3595 scine
1385 3540 1481 3597 fluo

290 3635 363 3707 frou
384 3632 550 3691 comaclen
569 3632 626 3705 crof
640 3632 720 3690 ibren
731 3632 832 3689 beider
857 3631 975 3706 Todfcll
994 3631 1047 3690 der
1066 3632 1145 3689 Aous·
1161 3632 1379 3703 Hediambrecs
1400 3632 1481 3687 ibren

743 3725 809 3800 Hos
814 3741 853 3779 sus
863 3722 1027 3781 Hordbocb.

381 3853 432 3920 leb
461 3852 610 3921 denrod
629 3872 742 3918 emman
768 3873 804 3917 re
824 3851 986 3919 Hcoelocb
1006 3852 1064 3917 und
1085 3851 1137 3916 leb
1152 3850 1263 3917 Alloit
1283 3852 1350 3914 sein
1377 3851 1476 3917 lloos-

291 3982 392 4029 rrowe
408 3964 463 4027 wir
479 3962 621 4027 rerieben
638 3962 698 4027 vno
718 3966 770 4027 tun
787 3961 880 4026 cbuot
894 3959 973 4025 olleo
990 3960 1064 4035 den,
1087 3959 1118 4026 di
1133 3959 1220 4025 diseo
1236 3959 1319 4024 briei
1331 3961 1476 4025 ansebent

290 4072 365 4137 oder
381 4070 507 4137 beorent
522 4070 615 4143 lesen,
634 4070 664 4137 di
680 4090 719 4135 nu
736 4070 838 4135 lebent
854 4068 911 4135 rud
928 4069 1062 4134 bernacb
1079 4068 1244 4134 obumtlicb
1261 4070 1332 4144 siut,
1348 4070 1405 4134 dar
1423 4070 1475 4132 mit

289 4181 452 4247 reraintem
476 4178 575 4243 willen
596 4180 652 4243 wir
667 4176 770 4244 boidin
785 4179 842 4244 rud
858 4180 912 4243 mit
926 4184 1099 4263 gesnmpter
1114 4177 1185 4241 baut
1201 4181 1255 4243 mit
1270 4199 1361 4243 anser
1376 4178 1476 4243 llrbeu

290 4290 408 4364 willon,
432 4310 468 4354 ue
484 4288 539 4353 der
554 4289 603 4363 rit,
622 4286 660 4353 do
676 4288 730 4353 wir
747 4308 782 4351 er
804 4288 862 4353 nol
877 4293 969 4371 getun
986 4286 1124 4361 mobtoo,
1152 4285 1211 4351 den
1226 4286 1289 4352 lloi
1305 4309 1343 4352 re
1357 4290 1472 4355 Rusel-

289 4398 360 4477 ucb,
388 4399 443 4463 des
465 4400 513 4463 eiu
531 4397 635 4462 bslbss
651 4397 738 4462 leben
754 4397 805 4469 ist,
828 4398 883 4463 mit
898 4396 974 4461 allen
992 4395 1079 4468 dem,
1107 4394 1162 4461 dar
1185 4395 1276 4461 deror
1292 4398 1424 4481 gebeort
1438 4418 1472 4461 rc

288 4508 383 4572 dorffe
396 4505 453 4572 und
470 4526 505 4571 re
522 4507 608 4572 uelde
620 4506 749 4573 besuebt
764 4505 822 4572 und
839 4505 1016 4578 robesuebt,
1040 4504 1095 4571 der
1109 4526 1200 4571 roser
1215 4505 1284 4571 robt
1307 4506 1474 4571 Pnrcbrebt

287 4618 328 4681 ist
353 4636 499 4701 genesen
521 4636 580 4681 von
611 4615 679 4680 dem
701 4614 841 4681 Chloster
862 4636 898 4681 ce
914 4614 982 4681 dem
998 4616 1147 4705 Heilipen
1163 4615 1307 4691 Obtorto,
1332 4616 1391 4682 dar
1406 4615 1469 4681 selb
