3059 5067
1208 354 1259 428 bb

63 526 311 593 coronemur
325 527 382 591 rer
397 522 625 601 cremasse,
655 527 714 593 ner
735 506 856 595 inesco
875 530 934 618 pe·
947 531 1009 595 rm
1022 529 1186 619 preesse
1200 532 1259 597 vno

63 634 123 699 ber
142 635 265 723 Greiffe
280 633 357 699 beru
373 635 513 722 Greiffcn
533 656 586 699 svn
619 635 685 699 Vnd
707 636 763 701 her
780 636 940 705 Odiosast
955 640 1010 705 des
1025 638 1260 707 Hiedmuabtcrs

62 762 122 805 svn
137 744 198 806 rud
212 743 323 806 aoderr
334 739 686 826 irvm0riaeutgeniecb.
712 746 890 829 Diserpriei
896 743 1083 830 istgegeben
1096 770 1132 813 rs
1141 750 1260 825 wicum

62 852 104 916 dr
122 850 184 915 nair
200 849 338 916 Christos
354 852 488 935 gebrerd
506 872 660 935 ergangeu
675 872 779 917 waren
793 856 930 920 Touseut
945 856 1007 929 iar,
1036 858 1116 921 Drer
1131 857 1261 922 bundert

60 959 120 1027 iar.
139 960 202 1025 vnn
217 959 272 1023 dar
288 960 346 1026 nab
362 964 393 1025 iu
409 962 477 1025 dem
493 960 636 1041 sinleiten
649 961 706 1034 ier,
723 982 759 1025 au
776 961 858 1027 Sund
874 965 1055 1045 Augustulus
1071 964 1151 1028 tacb.

142 1060 262 1175 Origine}
276 1102 325 1159 aui
334 1104 490 1175 Pergameni
503 1102 550 1157 mit
563 1102 661 1173 Siegoi.

61 1422 132 1496 lull,
138 1422 178 1481 ld.
185 1421 341 1495 december,
352 1423 497 1482 daumii.
505 1454 539 1464 -
549 1423 695 1479 diiedrioit
707 1422 759 1478 der
769 1422 885 1488 selim
899 1424 1011 1495 nerem
1023 1441 1078 1479 oon
1090 1414 1258 1488 (luna-eicit,

61 1515 201 1584 batatipt
230 1512 282 1568 der
303 1512 384 1569 Adici
399 1514 617 1584 Heilipenirreuu
641 1514 694 1569 dns
709 1514 853 1571 Patronot
873 1516 944 1570 siler
960 1513 1007 1569 die
1023 1516 1132 1589 Pfurrc
1152 1514 1260 1571 Aliond

61 1610 155 1661 auter
166 1604 378 1677 pleieiraeitiper
390 1604 565 1677 daordnuop
577 1605 654 1660 eines
665 1605 816 1676 Judrtapes
831 1604 883 1676 lib·
893 1606 954 1663 oieb
971 1606 1031 1663 aad
1041 1606 1117 1661 aeine
1129 1607 1258 1668 [domitis.

164 1734 351 1799 Fra'dcra‘caa
366 1734 415 1798 dei
436 1733 539 1817 gracia
557 1732 622 1797 Dux
636 1734 750 1805 Amris
766 1740 798 1801 et
810 1734 922 1819 &pria
936 1734 1082 1803 bonnus
1098 1738 1257 1809 Cornicis,

62 1843 216 1911 Marciis
238 1841 274 1906 ab
298 1842 528 1909 Portusnaonis
544 1840 698 1905 Vniuersis
723 1842 829 1907 ebriati
851 1842 990 1908 iideiibus
1014 1845 1205 1927 presentibus
1227 1852 1258 1909 et

62 1952 179 2017 futuris
195 1972 323 2037 presens
339 1951 483 2035 seriptum
499 1950 683 2030 intuentibus
698 1951 919 2043 inperpetuum.
962 1952 1006 2015 bd
1029 1954 1182 2039 vtriusqne
1198 1955 1258 2018 rite

60 2062 247 2128 felicitatem
260 2058 346 2124 nobis
359 2060 505 2142 prodesse
521 2076 705 2144 nequaqnam
717 2058 904 2142 ambigimus,
921 2062 948 2124 si
963 2062 1029 2125 ioca
1046 2060 1147 2125 diuino
1163 2061 1256 2127 cultui

61 2170 213 2253 deputata
241 2168 444 2234 curaverimus
467 2166 610 2253 ampliare
637 2171 793 2232 eteorum
821 2170 976 2233 commodo
1003 2169 1051 2253 pia
1076 2169 1257 2235 intendimus

60 2279 234 2348 voluntate,
269 2274 416 2341 beneficia
439 2275 487 2340 dei
505 2280 536 2341 et
552 2276 645 2348 dona,
670 2296 727 2361 que
743 2277 793 2340 dei
809 2277 949 2341 ecciesiis
965 2282 996 2341 et
1012 2276 1087 2342 iocis
1105 2276 1257 2362 religiosis

61 2388 117 2473 pia
134 2386 312 2471 prouisione
328 2386 496 2470 principum
512 2385 695 2467 largiuntur,
711 2386 916 2467 representari
937 2405 1036 2449 corum
1058 2386 1115 2450 deo
1131 2388 1257 2453 cottidie

62 2502 98 2561 et
116 2495 294 2580 perpetuari
315 2493 465 2559 credimus
482 2512 591 2577 preces
613 2498 643 2557 et
658 2493 830 2578 precamina
846 2492 1063 2577 Religiosorum
1081 2497 1204 2559 fratrum
1222 2545 1229 2559 .
1248 2545 1256 2560 .

61 2605 245 2670 idouasterii
260 2602 374 2668 Sancte
390 2600 496 2666 Crucis
511 2622 565 2685 pro
583 2602 807 2687 eternaquiete
817 2602 985 2665 Animarum
1002 2603 1100 2669 ieiicis
1115 2608 1259 2669 memorie

62 2714 263 2778 Dominorum
278 2711 403 2777 ailberti
416 2712 613 2775 Romanorum
630 2716 660 2773 st
671 2710 798 2795 liudolfi
811 2710 958 2795 quondam
969 2712 1118 2777 Bobenia
1132 2714 1257 2796 iiegum,

62 2822 255 2908 aliorumque
279 2813 507 2905 progenitorum
529 2823 714 2891 nostrorum,
743 2820 780 2882 ad
807 2819 1024 2884 incrementum
1038 2824 1130 2890 etism
1152 2822 1258 2887 saiada

63 2938 97 2996 st
125 2930 339 3016 prosperitatis
366 2933 488 3001 nostre,
517 2948 575 2993 nec
603 2947 660 2993 uon
689 2928 807 3001 matris,
837 2929 961 2992 tratrem
986 2934 1018 2992 et
1047 2950 1256 2996 successorum

62 3046 238 3105 nostrornm
253 3038 383 3104 Anatole
398 3044 430 3102 et
444 3036 554 3122 Styrie
568 3038 736 3121 principum
751 3036 914 3100 illustrium
935 3037 1028 3119 digne
1051 3037 1186 3104 duximus
1203 3042 1257 3106 ad·

62 3148 222 3213 mittenda.
262 3146 300 3210 ca
322 3147 389 3233 quia
413 3146 493 3209 inter
509 3154 628 3210 ceteras
643 3152 792 3209 terrarum
813 3150 982 3210 nostrmum
999 3149 1145 3212 ecelesias
1162 3157 1193 3213 et
1209 3150 1256 3233 pia

60 3260 129 3323 ioea
148 3256 187 3321 ad
203 3256 413 3320 monasterium
435 3256 553 3321 Sancte
567 3254 681 3323 Gracia
697 3254 914 3339 cysterciensis
938 3256 1054 3319 ordinis
1069 3256 1257 3322 i’atauieusis

61 3366 218 3450 Dyocesis
229 3366 402 3429 renerentie
418 3370 449 3429 st
463 3364 637 3429 deuooionis
650 3363 751 3428 Zcium
769 3364 904 3447 gerimus
920 3364 1093 3450 speoiaiom
1109 3371 1257 3451 tamquam

61 3478 166 3543 iocum
185 3497 202 3539 a
219 3475 329 3539 uostris
347 3472 618 3559 predecessoribus
635 3476 729 3557 prima
746 3472 918 3539 fundatione
934 3474 1075 3551 dotatum,
1095 3474 1152 3538 Vbi
1168 3476 1256 3537 etiam

62 3584 199 3671 preclari
215 3584 363 3669 quondam
382 3584 483 3647 Duces
494 3582 621 3647 suanm
637 3584 731 3646 nostri
748 3586 966 3657 antecessores
982 3584 1141 3663 siegerunt
1156 3583 1257 3647 eccie-

61 3695 219 3759 siasticam
236 3691 428 3777 sepulturam,
444 3690 590 3755 Veientes
607 3690 732 3754 eundern
747 3691 847 3757 iocum
863 3698 894 3757 et
910 3692 1124 3757 bionasteriom
1139 3692 1258 3757 Sancte

66 3803 185 3873 Crucis
199 3807 305 3865 nostre
319 3800 487 3865 donationis
505 3806 535 3863 st
550 3800 663 3864 iecoris
678 3802 781 3883 gracia
798 3802 949 3884 ampliare,
967 3820 1021 3885 pro
1037 3800 1173 3864 remedio
1189 3802 1256 3864 ani-

62 3932 181 3977 marum
204 3910 352 3975 dictorum
375 3909 507 3990 Regum,
536 3915 764 3995 nostrorumque
786 3909 962 3975 remissione
988 3910 1194 3992 peccaminum
1217 3909 1257 3974 de

61 4024 192 4086 trabum
209 4025 378 4083 nostrornm
402 4020 531 4082 omnium
553 4038 695 4101 expresso
718 4039 867 4083 consensu
893 4024 924 4082 ct
948 4016 1084 4081 Vnauimi
1105 4018 1257 4083 voluntate

61 4130 119 4195 Jus
138 4133 316 4215 patronatus
341 4126 475 4191 ecclesie
498 4126 529 4189 iu
544 4126 640 4191 slent
662 4126 742 4193 dicto
758 4126 942 4193 itionasterio
958 4126 1078 4192 Sancte
1093 4128 1204 4193 (iureis
1221 4174 1229 4189 .
1247 4173 1255 4188 .

61 4236 173 4303 Abbati
190 4244 221 4300 et
235 4235 379 4301 iratribus
395 4235 506 4299 ibidem
522 4236 587 4299 lieu
602 4236 823 4307 famulantibus,
845 4235 896 4320 qui
911 4255 966 4320 pro
982 4240 1118 4318 temporo
1133 4236 1256 4309 suerint,

59 4348 140 4413 Jnre
163 4350 313 4430 perpetuo
341 4345 509 4410 liberaliter
530 4344 676 4409 tradimus
704 4351 735 4409 et
757 4346 900 4409 donamus
926 4363 1001 4426 pnre
1023 4349 1055 4407 et
1077 4344 1256 4427 simpliciter

61 4462 193 4544 propter
206 4456 302 4521 Deum
313 4462 344 4520 rt
355 4453 520 4519 eorundem
532 4502 539 4517 .
551 4501 558 4517 .
571 4454 701 4536 Regum.
715 4502 722 4517 .
735 4452 839 4526 nostri,
850 4454 953 4517 matris
964 4459 1078 4527 nostre,
1091 4458 1256 4539 nostroque

61 4564 233 4654 parenteia,
250 4564 437 4648 aliorumque
453 4582 664 4629 suceessorum
681 4568 850 4627 nostrorum
862 4562 991 4628 doario
1006 4562 1158 4648 etStyrie
1172 4563 1256 4647 prin-

1001 4668 1039 4723 3.
