3059 5067
218 388 296 461 358

215 564 310 629 fuerit
326 564 416 629 aiieni
432 564 600 629 satisfactio
616 564 836 649 impendenda.
866 586 931 630 earn
947 564 1032 631 vobis
1049 584 1105 649 per
1129 584 1201 642 ros,
1230 565 1256 629 si
1277 566 1423 651 superri-

215 674 339 748 1eritis,
356 674 403 737 rel
421 694 476 759 per
491 673 584 746 alios,
601 676 628 737 si
650 679 723 739 tunc
744 676 825 740 iorte
850 676 1054 748 transieritis,
1075 674 1243 739 taciendam
1268 676 1417 756 iniungat,

219 802 307 869 quam
325 803 378 847 ros
395 782 443 846 rei
459 782 503 845 iiii
520 783 624 846 iacere
639 786 821 861 teneamini,
851 790 884 849 ut
900 785 1060 868 prefertur.
1086 781 1123 846 Et
1146 804 1200 856 ne,
1223 783 1302 869 quod
1326 785 1418 855 absit,

216 897 345 975 propter
357 890 528 955 huiusmodi
541 890 676 971 graciam
692 891 863 957 reddamini
880 890 1082 977 procliuiores
1099 890 1135 956 ad
1153 891 1258 955 illicita
1271 892 1419 976 imposte·

216 1020 279 1063 rum
297 998 498 1071 comittenda,
519 1000 669 1073 volumus,
690 1002 770 1085 quod
789 1002 816 1066 si
838 1021 875 1065 ex
891 999 1073 1065 confidentia
1096 1000 1285 1064 remissionis
1306 1000 1418 1065 huius-

216 1108 296 1173 modi
311 1106 423 1192 aiiquid
440 1108 519 1171 forte
534 1108 771 1182 commiteretis,
795 1130 853 1196 quo
876 1110 913 1175 ad
934 1109 987 1173 iiic
1009 1108 1145 1192 predicta
1170 1110 1311 1174 remissio
1328 1108 1419 1173 uobis

215 1216 385 1280 nuliatenus
403 1214 597 1300 suffragetur.
622 1215 705 1280 Nulli
722 1237 797 1301 ergo
815 1220 932 1282 omnino
948 1216 1099 1281 hominum
1117 1217 1210 1282 liceat
1225 1218 1303 1280 hanc
1320 1219 1415 1301 pagi-

217 1345 285 1390 nam
302 1330 406 1389 nostre
423 1326 634 1391 concessionis
647 1332 678 1389 et
691 1325 851 1391 voluntatis
864 1325 1043 1408 infringere,
1060 1323 1108 1388 uel
1122 1328 1150 1390 ei
1163 1346 1235 1389 aneu
1248 1328 1415 1390 temerario

218 1435 378 1499 eontraire.
404 1432 441 1497 Si
457 1435 524 1518 quis
541 1439 641 1499 autom
656 1433 717 1499 iroc
733 1440 915 1517 attemptare
928 1433 1158 1518 presumpserit,
1172 1434 1418 1516 indignacionem

219 1544 433 1627 omnipotentis
456 1542 506 1607 dei
533 1550 566 1608 et
594 1542 749 1609 beatorum
777 1545 858 1608 Petri
888 1548 919 1607 et
941 1541 1025 1607 Pauli
1053 1542 1255 1626 apostolorum
1285 1542 1352 1606 eius
1382 1562 1419 1605 se

219 1652 337 1717 nouerit
363 1652 565 1716 incursorum.
596 1652 705 1717 Datum
729 1652 845 1718 didere
866 1652 928 1715 viii.
954 1650 1098 1717 kalendas
1124 1651 1266 1733 Augusti,
1288 1650 1418 1715 Pontiii-

215 1769 300 1827 catus
317 1760 412 1825 nostri
428 1780 505 1823 anno
522 1765 617 1825 sexto.
636 1796 679 1809 ——
703 1762 878 1845 inquorum
896 1762 1024 1826 omnium
1047 1758 1137 1824 fidem
1162 1765 1194 1823 et
1208 1760 1417 1823 testimouium

215 1874 375 1955 presentes
396 1868 515 1933 litteras
538 1868 621 1942 deri,
645 1872 801 1955 nostrique
816 1871 979 1935 vicariatus
996 1868 1090 1938 odicii
1112 1868 1206 1951 sigilli
1227 1869 1418 1953 appensione

215 1978 355 2044 iussimus
371 1980 558 2044 communiri.
584 1979 692 2043 Datum
707 1978 848 2067 Neapoli
872 1981 903 2044 in
933 1980 1069 2064 hospicio
1096 1978 1291 2044 habitationis
1309 1984 1418 2043 nostre

215 2089 265 2154 dic
282 2087 397 2153 decima
413 2091 518 2152 octava
534 2090 646 2152 mensis
659 2086 772 2172 Aprilis
789 2106 866 2151 anno
883 2088 994 2152 domini
1005 2086 1166 2151 Miliesimo
1181 2086 1418 2151 Trecentesimo

215 2194 428 2280 Octuagesimo
445 2201 563 2280 quarto,
591 2194 759 2260 indictione
776 2196 924 2279 septima,
953 2192 1147 2259 Pontificatus
1170 2192 1364 2258 Sanctissimi
1387 2196 1418 2259 in

215 2305 332 2370 christo
353 2305 448 2389 petris
472 2309 503 2366 et
525 2304 636 2368 domini
659 2306 770 2375 nostri,
800 2302 910 2368 domini
936 2304 1071 2379 Urbani,
1100 2302 1200 2369 diuina
1222 2303 1417 2387 prouidentia

216 2413 306 2497 Papae
323 2414 400 2477 senti
417 2410 547 2496 predicti
564 2430 641 2476 anno
659 2414 799 2496 septimo.

289 2537 407 2608 Originsi
421 2538 469 2591 ani
479 2537 635 2607 Pergameni
647 2536 694 2591 nsit
707 2537 792 2592 cinam
807 2536 907 2607 Siegei.

737 2716 893 2798 CCCIX.

215 2860 296 2933 1884,
321 2860 365 2919 88.
388 2860 475 2933 April.
506 2891 539 2901 -
573 2858 715 2931 Verpleicis
737 2860 876 2917 asciscier
899 2859 952 2917 den
975 2862 1038 2917 nier-
1062 2860 1415 2917 cistercienm-Aiteien

215 2953 443 3023 flciiipcnirrersa,
455 2952 622 3025 winfrid,
634 2954 738 3009 zwesst
750 2954 811 3009 und
822 2954 867 3010 St.
883 2952 1021 3009 Nikolaou
1034 2952 1065 3008 irs
1083 2950 1165 3007 Wisrr
1177 2952 1266 3007 nne»
1285 2952 1346 3006 und
1357 2951 1416 3006 ders

215 3042 414 3116 Seiifflerren
435 3058 473 3097 sss
487 3043 601 3116 nassas
611 3043 734 3101 assem
749 3044 844 3101 Titiis
866 3044 898 3099 in
910 3042 1025 3115 Betreff
1039 3041 1090 3097 der
1111 3040 1243 3113 Zoilurcp
1261 3041 1313 3097 der
1332 3058 1415 3112 eope·

201 3186 205 3191 .
265 3137 395 3189 masten
407 3133 626 3207 Fiosspfenrripe
639 3134 683 3191 dei
699 3132 884 3207 Verfntruup
895 3133 944 3189 der
956 3132 1129 3189 Mussroisec
1142 3150 1198 3189 non
1210 3132 1362 3204 &uturp

307 3279 395 3344 Wier
420 3280 449 3343 di
471 3279 663 3346 Scheiheren
687 3279 928 3363 gemeinchieich
952 3300 988 3343 se
1010 3282 1157 3368 Lauffen,
1187 3280 1234 3342 ioh
1252 3282 1418 3345 Hnrtrreid

217 3390 273 3453 der
288 3389 373 3453 litter
386 3388 555 3459 Cducdter,
568 3389 617 3451 icit
629 3387 793 3454 metari
805 3388 872 3454 sein
884 3408 951 3460 suo,
964 3388 1013 3452 ich
1029 3388 1172 3454 denrat
1187 3387 1237 3451 ich
1248 3388 1417 3453 Hortnn'd

219 3498 268 3564 ich
283 3497 446 3563 Ederirart
460 3498 614 3581 geprtider
630 3497 659 3560 di
677 3496 851 3570 Cirucdler,
879 3498 928 3561 ich
950 3498 1049 3562 Merit
1071 3516 1126 3559 ron
1149 3496 1205 3560 der
1226 3498 1337 3568 niden,
1361 3498 1415 3562 ich

215 3607 334 3693 Sepdot
349 3606 414 3669 der·
426 3608 612 3692 nriotorffer,
630 3605 680 3669 ich
703 3605 867 3677 Okdnrot.
885 3607 932 3670 ich
964 3604 1099 3676 Vocet,
1117 3604 1167 3667 ich
1186 3606 1240 3670 Ott
1257 3606 1416 3688 gepruder

217 3716 267 3781 die
284 3718 401 3788 Grdns,
419 3712 470 3778 ich
480 3716 630 3781 namma
645 3711 699 3777 der
711 3714 952 3785 weissenelrker,
970 3712 1019 3776 ich
1032 3712 1182 3778 sitrecte
1195 3712 1251 3777 der
1264 3714 1415 3801 Noppire·

214 3846 283 3914 per,
299 3825 350 3888 ich
367 3823 516 3890 Aidrecdt
537 3820 593 3885 der
610 3812 767 3894 oenotris,
792 3822 843 3885 ich
865 3820 1035 3886 Fridreiets
1060 3820 1114 3883 der
1136 3822 1338 3909 Fesurfinper‚
1363 3822 1414 3886 ich

215 3936 317 4000 Jacob
340 3934 390 3997 ich
411 3930 526 3999 Ptrret
545 3930 720 4014 geprueder
740 3930 772 3993 di
795 3930 984 4007 Friescisdr,
1007 3930 1056 3994 ich
1078 3932 1177 3996 Jacoo
1201 3930 1256 3993 der
1288 3932 1416 3997 11τῖ11111

219 4042 271 4106 icit
286 4042 390 4125 Nyeio
405 4040 460 4104 der
476 4039 661 4124 scholium,
678 4039 726 4105 ich
743 4042 835 4105 Hans
851 4040 914 4103 sein
931 4060 998 4112 sun,
1016 4040 1065 4103 ich
1081 4040 1178 4105 Jacob
1202 4041 1266 4103 sein
1288 4042 1415 4125 pruder,

218 4150 249 4212 di
274 4146 475 4219 scheiherro,
493 4147 541 4211 ich
565 4147 706 4213 Mortein
727 4147 784 4211 der
799 4147 997 4220 Scindentur,
1025 4149 1080 4211 wir
1103 4149 1265 4216 seriechen
1290 4148 1328 4212 ull
1353 4168 1414 4231 ge-

219 4255 478 4340 mainehgieichen
495 4256 543 4319 mr
560 4276 618 4320 ros
633 4257 693 4322 rod
712 4258 760 4320 tur
776 4254 814 4319 aii
832 4276 921 4319 rneer
938 4256 1043 4321 eriben
1060 4256 1117 4320 und
1136 4258 1340 4322 nsehchdmen
1357 4259 1415 4321 der

218 4364 432 4429 scheirechten
448 4364 507 4428 vnd
524 4372 575 4429 tttn
592 4364 692 4431 chnud
714 4363 852 4429 offenbar
877 4366 931 4431 mit
945 4367 1013 4430 dem
1030 4365 1112 4431 briei
1130 4367 1209 4431 aileu
1231 4364 1308 4439 deu,
1335 4367 1368 4431 di
1381 4368 1414 4431 in

217 4474 356 4547 socheot,
374 4475 482 4537 intrent
497 4473 572 4537 oder
589 4474 697 4546 iessnt,
714 4474 744 4537 di
761 4494 800 4536 nu
818 4472 920 4537 lebant
937 4475 1012 4539 oder
1028 4475 1160 4539 hernach
1178 4474 1316 4556 chunstig
1333 4474 1412 4547 sind,

218 4582 281 4645 Das
305 4581 354 4645 ein
376 4580 567 4664 misahelung
594 4580 651 4645 rod
673 4581 782 4667 chrieg
809 4582 869 4647 rnd
896 4590 980 4649 stirs
1009 4584 1161 4650 zwiscieu
1191 4603 1242 4649 rus
1270 4582 1331 4647 rud
1359 4584 1414 4647 der
