<?xml version="1.0" encoding="UTF-8"?>
<!DOCTYPE html PUBLIC "-//W3C//DTD XHTML 1.0 Transitional//EN"
    "http://www.w3.org/TR/xhtml1/DTD/xhtml1-transitional.dtd">
<html xmlns="http://www.w3.org/1999/xhtml" xml:lang="en" lang="en">
 <head>
  <title>
</title>
<meta http-equiv="Content-Type" content="text/html;charset=utf-8" />
  <meta name='ocr-system' content='tesseract 3.04.00' />
  <meta name='ocr-capabilities' content='ocr_page ocr_carea ocr_par ocr_line ocrx_word'/>
</head>
<body>
  <div class='ocr_page' id='page_1' title='image "./relationenvenet13fiedgoog_0115.png"; bbox 0 0 3059 5067; ppageno 0'>
   <div class='ocr_carea' id='block_1_1' title="bbox 1185 331 1261 405">
    <p class='ocr_par' dir='ltr' id='par_1_1' title="bbox 1185 331 1261 405">
     <span class='ocr_line' id='line_1_1' title="bbox 1185 331 1261 405; baseline 0.026 -3"><span class='ocrx_word' id='word_1_1' title='bbox 1185 331 1261 405; x_wconf 80' lang='lat' dir='ltr'><strong>lua</strong></span> 
     </span>
    </p>
   </div>
   <div class='ocr_carea' id='block_1_2' title="bbox 61 505 1263 683">
    <p class='ocr_par' dir='ltr' id='par_1_2' title="bbox 61 505 1263 683">
     <span class='ocr_line' id='line_1_2' title="bbox 61 505 1263 591; baseline 0.001 -20"><span class='ocrx_word' id='word_1_2' title='bbox 61 510 176 591; x_wconf 82' lang='lat' dir='ltr'><strong>quarto.</strong></span> <span class='ocrx_word' id='word_1_3' title='bbox 219 506 377 589; x_wconf 79' lang='lat' dir='ltr'><strong>Magistris</strong></span> <span class='ocrx_word' id='word_1_4' title='bbox 400 507 538 591; x_wconf 75' lang='lat' dir='ltr'><strong>Mctdyc</strong></span> <span class='ocrx_word' id='word_1_5' title='bbox 564 509 696 584; x_wconf 82' lang='lat' dir='ltr'><strong>lectore,</strong></span> <span class='ocrx_word' id='word_1_6' title='bbox 725 510 861 576; x_wconf 80' lang='lat' dir='ltr'><strong>Nicolco</strong></span> <span class='ocrx_word' id='word_1_7' title='bbox 888 506 1020 573; x_wconf 82' lang='lat' dir='ltr'><strong>Contere</strong></span> <span class='ocrx_word' id='word_1_8' title='bbox 1046 510 1078 571; x_wconf 91' lang='lat' dir='ltr'><strong>et</strong></span> <span class='ocrx_word' id='word_1_9' title='bbox 1103 505 1263 574; x_wconf 78' lang='lat' dir='ltr'><strong>Micdccle</strong></span> 
     </span>
     <span class='ocr_line' id='line_1_3' title="bbox 61 612 688 683; baseline -0.006 0"><span class='ocrx_word' id='word_1_10' title='bbox 61 614 188 683; x_wconf 81' lang='lat' dir='ltr'><strong>custode</strong></span> <span class='ocrx_word' id='word_1_11' title='bbox 206 612 341 679; x_wconf 81' lang='lat' dir='ltr'><strong>ecclesie</strong></span> <span class='ocrx_word' id='word_1_12' title='bbox 356 620 460 680; x_wconf 88' lang='lat' dir='ltr'><strong>nostre</strong></span> <span class='ocrx_word' id='word_1_13' title='bbox 477 615 688 681; x_wconf 77' lang='lat' dir='ltr'><strong>existentibus.</strong></span> 
     </span>
    </p>
   </div>
   <div class='ocr_carea' id='block_1_3' title="bbox 131 764 797 839">
    <p class='ocr_par' dir='ltr' id='par_1_3' title="bbox 131 764 797 839">
     <span class='ocr_line' id='line_1_4' title="bbox 131 764 797 839; baseline 0.003 -18"><span class='ocrx_word' id='word_1_14' title='bbox 131 764 253 837; x_wconf 76' lang='lat' dir='ltr'><strong>original</strong></span> <span class='ocrx_word' id='word_1_15' title='bbox 267 766 315 820; x_wconf 85' lang='lat' dir='ltr'><strong>aui</strong></span> <span class='ocrx_word' id='word_1_16' title='bbox 325 766 492 837; x_wconf 76' lang='lat' dir='ltr'><strong>Pergament,</strong></span> <span class='ocrx_word' id='word_1_17' title='bbox 505 765 602 822; x_wconf 83' lang='lat' dir='ltr'><strong>dassen</strong></span> <span class='ocrx_word' id='word_1_18' title='bbox 615 767 707 839; x_wconf 76' lang='lat' dir='ltr'><strong>Sisgel</strong></span> <span class='ocrx_word' id='word_1_19' title='bbox 720 766 797 823; x_wconf 79' lang='lat' dir='ltr'><strong>lelrlt</strong></span> 
     </span>
    </p>
   </div>
   <div class='ocr_carea' id='block_1_4' title="bbox 635 1026 664 1108">
    <p class='ocr_par' dir='ltr' id='par_1_4' title="bbox 635 1026 664 1108">
     <span class='ocr_line' id='line_1_5' title="bbox 635 1026 664 1108; baseline 0 0"><span class='ocrx_word' id='word_1_20' title='bbox 635 1026 664 1108; x_wconf 83' lang='lat' dir='ltr'>C</span> 
     </span>
    </p>
   </div>
   <div class='ocr_carea' id='block_1_5' title="bbox 60 1150 1261 1316">
    <p class='ocr_par' dir='ltr' id='par_1_5' title="bbox 60 1150 1261 1316">
     <span class='ocr_line' id='line_1_6' title="bbox 60 1150 1261 1231; baseline -0.002 -19"><span class='ocrx_word' id='word_1_21' title='bbox 60 1153 138 1226; x_wconf 73' lang='lat' dir='ltr'><strong>itte,</strong></span> <span class='ocrx_word' id='word_1_22' title='bbox 160 1153 204 1214; x_wconf 77' lang='lat'><strong>14.</strong></span> <span class='ocrx_word' id='word_1_23' title='bbox 218 1154 282 1213; x_wconf 77' lang='lat' dir='ltr'><strong>lat.</strong></span> <span class='ocrx_word' id='word_1_24' title='bbox 296 1186 333 1197; x_wconf 92' lang='lat'>-</span> <span class='ocrx_word' id='word_1_25' title='bbox 343 1153 566 1228; x_wconf 74' lang='lat' dir='ltr'><strong>Zeupniaslrief</strong></span> <span class='ocrx_word' id='word_1_26' title='bbox 577 1155 627 1211; x_wconf 84' lang='lat' dir='ltr'><strong>der</strong></span> <span class='ocrx_word' id='word_1_27' title='bbox 644 1155 839 1231; x_wconf 80' lang='lat' dir='ltr'><strong>Domcopitela</strong></span> <span class='ocrx_word' id='word_1_28' title='bbox 859 1172 917 1211; x_wconf 82' lang='lat' dir='ltr'><strong>voro</strong></span> <span class='ocrx_word' id='word_1_29' title='bbox 928 1152 1011 1209; x_wconf 73' lang='lat' dir='ltr'><strong>Boot</strong></span> <span class='ocrx_word' id='word_1_30' title='bbox 1029 1153 1062 1210; x_wconf 84' lang='lat' dir='ltr'><strong>iro</strong></span> <span class='ocrx_word' id='word_1_31' title='bbox 1079 1150 1195 1225; x_wconf 75' lang='lat' dir='ltr'><strong>Betrcff</strong></span> <span class='ocrx_word' id='word_1_32' title='bbox 1208 1150 1261 1209; x_wconf 83' lang='lat' dir='ltr'><strong>der·</strong></span> 
     </span>
     <span class='ocr_line' id='line_1_7' title="bbox 131 1242 1188 1316; baseline -0.001 -16"><span class='ocrx_word' id='word_1_33' title='bbox 131 1245 371 1315; x_wconf 71' lang='lat' dir='ltr'><strong>Recitaatderpcde</strong></span> <span class='ocrx_word' id='word_1_34' title='bbox 385 1242 432 1300; x_wconf 85' lang='lat' dir='ltr'><strong>des</strong></span> <span class='ocrx_word' id='word_1_35' title='bbox 446 1246 535 1301; x_wconf 73' lang='lat' dir='ltr'><strong>uota</strong></span> <span class='ocrx_word' id='word_1_36' title='bbox 548 1244 853 1316; x_wconf 58' lang='lat' dir='ltr'><strong>decacuminanda</strong></span> <span class='ocrx_word' id='word_1_37' title='bbox 864 1245 948 1302; x_wconf 76' lang='lat' dir='ltr'><strong>stret</strong></span> <span class='ocrx_word' id='word_1_38' title='bbox 959 1244 1188 1315; x_wconf 71' lang='lat' dir='ltr'><strong>Hedipenlsrm.</strong></span> 
     </span>
    </p>
   </div>
   <div class='ocr_carea' id='block_1_6' title="bbox 61 1366 1259 1900">
    <p class='ocr_par' dir='ltr' id='par_1_6' title="bbox 61 1366 1259 1900">
     <span class='ocr_line' id='line_1_8' title="bbox 148 1366 1259 1469; baseline -0.005 -20"><span class='ocrx_word' id='word_1_39' title='bbox 148 1383 320 1469; x_wconf 79' lang='lat' dir='ltr'><strong>Capitulum</strong></span> <span class='ocrx_word' id='word_1_40' title='bbox 334 1366 539 1449; x_wconf 79' lang='lat' dir='ltr'><strong>Jourinensa&#39;a</strong></span> <span class='ocrx_word' id='word_1_41' title='bbox 566 1381 699 1447; x_wconf 87' lang='lat' dir='ltr'><strong>ecclesie</strong></span> <span class='ocrx_word' id='word_1_42' title='bbox 721 1384 873 1449; x_wconf 88' lang='lat' dir='ltr'><strong>rniuersis</strong></span> <span class='ocrx_word' id='word_1_43' title='bbox 897 1383 1005 1449; x_wconf 88' lang='lat' dir='ltr'><strong>christi</strong></span> <span class='ocrx_word' id='word_1_44' title='bbox 1026 1381 1166 1449; x_wconf 83' lang='lat' dir='ltr'><strong>tidelilrus</strong></span> <span class='ocrx_word' id='word_1_45' title='bbox 1182 1400 1259 1466; x_wconf 90' lang='lat' dir='ltr'><strong>pre-</strong></span> 
     </span>
     <span class='ocr_line' id='line_1_9' title="bbox 61 1488 1259 1575; baseline -0.003 -18"><span class='ocrx_word' id='word_1_46' title='bbox 61 1500 160 1557; x_wconf 77' lang='lat' dir='ltr'>sentes</span> <span class='ocrx_word' id='word_1_47' title='bbox 188 1494 309 1557; x_wconf 78' lang='lat' dir='ltr'><strong>litteras</strong></span> <span class='ocrx_word' id='word_1_48' title='bbox 328 1492 512 1575; x_wconf 81' lang='lat' dir='ltr'><strong>inspecturis</strong></span> <span class='ocrx_word' id='word_1_49' title='bbox 534 1488 661 1555; x_wconf 87' lang='lat' dir='ltr'><strong>salutem</strong></span> <span class='ocrx_word' id='word_1_50' title='bbox 684 1494 715 1555; x_wconf 92' lang='lat' dir='ltr'><strong>in</strong></span> <span class='ocrx_word' id='word_1_51' title='bbox 742 1492 849 1556; x_wconf 89' lang='lat' dir='ltr'><strong>salutis</strong></span> <span class='ocrx_word' id='word_1_52' title='bbox 875 1492 1030 1575; x_wconf 81' lang='lat' dir='ltr'><strong>largitore.</strong></span> <span class='ocrx_word' id='word_1_53' title='bbox 1065 1490 1112 1554; x_wconf 74' lang='lat' dir='ltr'><strong>ld</strong></span> <span class='ocrx_word' id='word_1_54' title='bbox 1134 1489 1259 1555; x_wconf 86' lang='lat' dir='ltr'><strong>rniuer·</strong></span> 
     </span>
     <span class='ocr_line' id='line_1_10' title="bbox 63 1598 1258 1684; baseline -0.002 -20"><span class='ocrx_word' id='word_1_55' title='bbox 63 1620 160 1664; x_wconf 89' lang='lat' dir='ltr'><strong>sorum</strong></span> <span class='ocrx_word' id='word_1_56' title='bbox 189 1602 333 1664; x_wconf 80' lang='lat' dir='ltr'><strong>noticiam</strong></span> <span class='ocrx_word' id='word_1_57' title='bbox 361 1600 466 1663; x_wconf 89' lang='lat' dir='ltr'><strong>harum</strong></span> <span class='ocrx_word' id='word_1_58' title='bbox 494 1598 576 1662; x_wconf 91' lang='lat' dir='ltr'><strong>serie</strong></span> <span class='ocrx_word' id='word_1_59' title='bbox 604 1598 739 1663; x_wconf 89' lang='lat' dir='ltr'><strong>uolumus</strong></span> <span class='ocrx_word' id='word_1_60' title='bbox 767 1601 952 1683; x_wconf 90' lang='lat' dir='ltr'><strong>peruenire,</strong></span> <span class='ocrx_word' id='word_1_61' title='bbox 976 1598 1079 1684; x_wconf 86' lang='lat' dir='ltr'><strong>quod,</strong></span> <span class='ocrx_word' id='word_1_62' title='bbox 1107 1618 1175 1663; x_wconf 90' lang='lat' dir='ltr'><strong>cum</strong></span> <span class='ocrx_word' id='word_1_63' title='bbox 1202 1617 1258 1663; x_wconf 91' lang='lat' dir='ltr'><strong>nos</strong></span> 
     </span>
     <span class='ocr_line' id='line_1_11' title="bbox 62 1686 1257 1803; baseline -0.002 -32"><span class='ocrx_word' id='word_1_64' title='bbox 62 1705 97 1771; x_wconf 89' lang='lat' dir='ltr'><strong>ad</strong></span> <span class='ocrx_word' id='word_1_65' title='bbox 112 1686 276 1773; x_wconf 75' lang='lat' dir='ltr'><strong>instantem</strong></span> <span class='ocrx_word' id='word_1_66' title='bbox 291 1709 474 1792; x_wconf 75' lang='lat' dir='ltr'><strong>peticionem</strong></span> <span class='ocrx_word' id='word_1_67' title='bbox 490 1707 610 1773; x_wconf 89' lang='lat' dir='ltr'><strong>comitis</strong></span> <span class='ocrx_word' id='word_1_68' title='bbox 621 1706 770 1793; x_wconf 75' lang='lat' dir='ltr'><strong>Spartanis</strong></span> <span class='ocrx_word' id='word_1_69' title='bbox 781 1706 944 1803; x_wconf 81' lang='lat' dir='ltr'><strong>Castellapi</strong></span> <span class='ocrx_word' id='word_1_70' title='bbox 961 1707 1001 1771; x_wconf 89' lang='lat' dir='ltr'><strong>de</strong></span> <span class='ocrx_word' id='word_1_71' title='bbox 1015 1708 1112 1775; x_wconf 81' lang='lat' dir='ltr'><strong>Oscor</strong></span> <span class='ocrx_word' id='word_1_72' title='bbox 1127 1711 1159 1770; x_wconf 92' lang='lat' dir='ltr'><strong>et</strong></span> <span class='ocrx_word' id='word_1_73' title='bbox 1173 1706 1257 1771; x_wconf 88' lang='lat' dir='ltr'><strong>rice·</strong></span> 
     </span>
     <span class='ocr_line' id='line_1_12' title="bbox 64 1815 1258 1900; baseline 0 -21"><span class='ocrx_word' id='word_1_74' title='bbox 64 1815 179 1879; x_wconf 88' lang='lat' dir='ltr'><strong>comitis</strong></span> <span class='ocrx_word' id='word_1_75' title='bbox 194 1816 411 1881; x_wconf 79' lang='lat' dir='ltr'><strong>Mnsnnieosa&#39;s</strong></span> <span class='ocrx_word' id='word_1_76' title='bbox 435 1834 491 1900; x_wconf 88' lang='lat' dir='ltr'><strong>per</strong></span> <span class='ocrx_word' id='word_1_77' title='bbox 512 1816 630 1879; x_wconf 76' lang='lat' dir='ltr'><strong>litteras</strong></span> <span class='ocrx_word' id='word_1_78' title='bbox 655 1836 725 1881; x_wconf 91' lang='lat' dir='ltr'><strong>suas</strong></span> <span class='ocrx_word' id='word_1_79' title='bbox 743 1816 832 1881; x_wconf 87' lang='lat' dir='ltr'><strong>nobis</strong></span> <span class='ocrx_word' id='word_1_80' title='bbox 848 1817 957 1881; x_wconf 84' lang='lat' dir='ltr'><strong>iactam</strong></span> <span class='ocrx_word' id='word_1_81' title='bbox 973 1816 1144 1879; x_wconf 87' lang='lat' dir='ltr'><strong>Discretam</strong></span> <span class='ocrx_word' id='word_1_82' title='bbox 1160 1816 1258 1879; x_wconf 91' lang='lat' dir='ltr'><strong>uirum</strong></span> 
     </span>
    </p>
   </div>
   <div class='ocr_carea' id='block_1_7' title="bbox 61 1922 1257 2442">
    <p class='ocr_par' dir='ltr' id='par_1_7' title="bbox 61 1922 1257 2442">
     <span class='ocr_line' id='line_1_13' title="bbox 63 1922 1257 2005; baseline 0.001 -20"><span class='ocrx_word' id='word_1_83' title='bbox 63 1925 235 2005; x_wconf 81' lang='lat' dir='ltr'><strong>magistrum</strong></span> <span class='ocrx_word' id='word_1_84' title='bbox 249 1924 417 1989; x_wconf 79' lang='lat' dir='ltr'><strong>Nicolaum</strong></span> <span class='ocrx_word' id='word_1_85' title='bbox 434 1922 594 1987; x_wconf 74' lang='lat' dir='ltr'><strong>Castorem</strong></span> <span class='ocrx_word' id='word_1_86' title='bbox 611 1923 744 1990; x_wconf 89' lang='lat' dir='ltr'><strong>ecclesie</strong></span> <span class='ocrx_word' id='word_1_87' title='bbox 761 1928 882 1996; x_wconf 90' lang='lat' dir='ltr'><strong>nostre,</strong></span> <span class='ocrx_word' id='word_1_88' title='bbox 898 1923 1012 1989; x_wconf 83' lang='lat' dir='ltr'><strong>sosium</strong></span> <span class='ocrx_word' id='word_1_89' title='bbox 1029 1930 1058 1987; x_wconf 92' lang='lat' dir='ltr'><strong>et</strong></span> <span class='ocrx_word' id='word_1_90' title='bbox 1074 1922 1257 1987; x_wconf 87' lang='lat' dir='ltr'><strong>concanoni-</strong></span> 
     </span>
     <span class='ocr_line' id='line_1_14' title="bbox 63 2030 1256 2116; baseline 0.002 -23"><span class='ocrx_word' id='word_1_91' title='bbox 63 2048 124 2095; x_wconf 88' lang='lat' dir='ltr'><strong>cum</strong></span> <span class='ocrx_word' id='word_1_92' title='bbox 155 2036 293 2095; x_wconf 90' lang='lat' dir='ltr'><strong>nostrum</strong></span> <span class='ocrx_word' id='word_1_93' title='bbox 322 2032 528 2105; x_wconf 83' lang='lat' dir='ltr'><strong>karissimum,</strong></span> <span class='ocrx_word' id='word_1_94' title='bbox 563 2052 619 2116; x_wconf 88' lang='lat' dir='ltr'><strong>pro</strong></span> <span class='ocrx_word' id='word_1_95' title='bbox 644 2032 816 2097; x_wconf 89' lang='lat' dir='ltr'><strong>testimonio</strong></span> <span class='ocrx_word' id='word_1_96' title='bbox 839 2032 876 2095; x_wconf 88' lang='lat' dir='ltr'><strong>ad</strong></span> <span class='ocrx_word' id='word_1_97' title='bbox 901 2030 1038 2095; x_wconf 88' lang='lat' dir='ltr'><strong>eumdem</strong></span> <span class='ocrx_word' id='word_1_98' title='bbox 1066 2031 1256 2095; x_wconf 84' lang='lat' dir='ltr'><strong>duxissemus</strong></span> 
     </span>
     <span class='ocr_line' id='line_1_15' title="bbox 61 2134 1256 2225; baseline 0.001 -23"><span class='ocrx_word' id='word_1_99' title='bbox 61 2139 339 2214; x_wconf 87' lang='lat' dir='ltr'><strong>transmittendum,</strong></span> <span class='ocrx_word' id='word_1_100' title='bbox 368 2160 469 2204; x_wconf 89' lang='lat' dir='ltr'><strong>coram</strong></span> <span class='ocrx_word' id='word_1_101' title='bbox 493 2162 552 2224; x_wconf 91' lang='lat' dir='ltr'><strong>qun</strong></span> <span class='ocrx_word' id='word_1_102' title='bbox 576 2142 643 2224; x_wconf 87' lang='lat' dir='ltr'><strong>ipsc</strong></span> <span class='ocrx_word' id='word_1_103' title='bbox 668 2160 772 2207; x_wconf 89' lang='lat' dir='ltr'><strong>comes</strong></span> <span class='ocrx_word' id='word_1_104' title='bbox 793 2134 912 2225; x_wconf 73' lang='lat' dir='ltr'><strong>Syneon</strong></span> <span class='ocrx_word' id='word_1_105' title='bbox 936 2142 966 2202; x_wconf 91' lang='lat' dir='ltr'><strong>et</strong></span> <span class='ocrx_word' id='word_1_106' title='bbox 989 2139 1153 2205; x_wconf 70' lang='lat' dir='ltr'><strong>lohannes</strong></span> <span class='ocrx_word' id='word_1_107' title='bbox 1176 2138 1256 2203; x_wconf 86' lang='lat' dir='ltr'><strong>lilius</strong></span> 
     </span>
     <span class='ocr_line' id='line_1_16' title="bbox 67 2245 1256 2328; baseline 0 -17"><span class='ocrx_word' id='word_1_108' title='bbox 67 2245 228 2319; x_wconf 67' lang='lat' dir='ltr'><strong>Vcennos,</strong></span> <span class='ocrx_word' id='word_1_109' title='bbox 239 2247 587 2313; x_wconf 80' lang='lat' dir='ltr'><strong>homuExcellentissimi</strong></span> <span class='ocrx_word' id='word_1_110' title='bbox 599 2248 710 2313; x_wconf 91' lang='lat' dir='ltr'><strong>domini</strong></span> <span class='ocrx_word' id='word_1_111' title='bbox 724 2250 941 2315; x_wconf 78' lang='lat' dir='ltr'><strong>nostrilicroli</strong></span> <span class='ocrx_word' id='word_1_112' title='bbox 951 2247 1002 2311; x_wconf 88' lang='lat' dir='ltr'><strong>dei</strong></span> <span class='ocrx_word' id='word_1_113' title='bbox 1013 2247 1117 2328; x_wconf 81' lang='lat' dir='ltr'><strong>gracia</strong></span> <span class='ocrx_word' id='word_1_114' title='bbox 1128 2246 1256 2311; x_wconf 90' lang='lat' dir='ltr'><strong>illustris</strong></span> 
     </span>
     <span class='ocr_line' id='line_1_17' title="bbox 62 2351 1252 2442; baseline 0.002 -25"><span class='ocrx_word' id='word_1_115' title='bbox 62 2351 151 2435; x_wconf 80' lang='lat' dir='ltr'><strong>llegis</strong></span> <span class='ocrx_word' id='word_1_116' title='bbox 166 2356 355 2442; x_wconf 70' lang='lat' dir='ltr'><strong>Hesperie,</strong></span> <span class='ocrx_word' id='word_1_117' title='bbox 384 2355 607 2421; x_wconf 88' lang='lat' dir='ltr'><strong>resmbularent</strong></span> <span class='ocrx_word' id='word_1_118' title='bbox 628 2357 776 2440; x_wconf 87' lang='lat' dir='ltr'><strong>quandam</strong></span> <span class='ocrx_word' id='word_1_119' title='bbox 792 2356 1020 2442; x_wconf 88' lang='lat' dir='ltr'><strong>possessionem</strong></span> <span class='ocrx_word' id='word_1_120' title='bbox 1037 2352 1128 2418; x_wconf 78' lang='lat' dir='ltr'><strong>Curis</strong></span> <span class='ocrx_word' id='word_1_121' title='bbox 1144 2355 1252 2419; x_wconf 88' lang='lat' dir='ltr'><strong>lllona·</strong></span> 
     </span>
    </p>
   </div>
   <div class='ocr_carea' id='block_1_8' title="bbox 62 2462 1255 4604">
    <p class='ocr_par' dir='ltr' id='par_1_8' title="bbox 62 2462 1255 4604">
     <span class='ocr_line' id='line_1_18' title="bbox 62 2462 1254 2552; baseline 0.002 -27"><span class='ocrx_word' id='word_1_122' title='bbox 62 2479 157 2525; x_wconf 90' lang='lat' dir='ltr'><strong>uorum</strong></span> <span class='ocrx_word' id='word_1_123' title='bbox 176 2482 233 2526; x_wconf 91' lang='lat' dir='ltr'><strong>seu</strong></span> <span class='ocrx_word' id='word_1_124' title='bbox 250 2462 384 2544; x_wconf 84' lang='lat' dir='ltr'><strong>Grangie</strong></span> <span class='ocrx_word' id='word_1_125' title='bbox 407 2465 473 2527; x_wconf 92' lang='lat' dir='ltr'><strong>siue</strong></span> <span class='ocrx_word' id='word_1_126' title='bbox 500 2465 570 2529; x_wconf 91' lang='lat' dir='ltr'><strong>noui</strong></span> <span class='ocrx_word' id='word_1_127' title='bbox 590 2465 688 2548; x_wconf 90' lang='lat' dir='ltr'><strong>predii</strong></span> <span class='ocrx_word' id='word_1_128' title='bbox 705 2465 928 2552; x_wconf 77' lang='lat' dir='ltr'><strong>Gdeolrunuclp</strong></span> <span class='ocrx_word' id='word_1_129' title='bbox 950 2470 1087 2529; x_wconf 88' lang='lat' dir='ltr'><strong>uocatam</strong></span> <span class='ocrx_word' id='word_1_130' title='bbox 1101 2468 1135 2527; x_wconf 87' lang='lat' dir='ltr'><strong>et</strong></span> <span class='ocrx_word' id='word_1_131' title='bbox 1150 2464 1254 2545; x_wconf 80' lang='lat' dir='ltr'><strong>assig-</strong></span> 
     </span>
     <span class='ocr_line' id='line_1_19' title="bbox 62 2571 1252 2656; baseline 0.003 -24"><span class='ocrx_word' id='word_1_132' title='bbox 62 2576 161 2633; x_wconf 86' lang='lat' dir='ltr'><strong>narent</strong></span> <span class='ocrx_word' id='word_1_133' title='bbox 182 2589 219 2635; x_wconf 86' lang='lat' dir='ltr'><strong>ac</strong></span> <span class='ocrx_word' id='word_1_134' title='bbox 246 2576 415 2637; x_wconf 88' lang='lat' dir='ltr'><strong>statuerent</strong></span> <span class='ocrx_word' id='word_1_135' title='bbox 441 2572 521 2637; x_wconf 89' lang='lat' dir='ltr'><strong>dicte</strong></span> <span class='ocrx_word' id='word_1_136' title='bbox 542 2572 634 2638; x_wconf 85' lang='lat' dir='ltr'><strong>Curis</strong></span> <span class='ocrx_word' id='word_1_137' title='bbox 661 2571 874 2637; x_wconf 89' lang='lat' dir='ltr'><strong>reambulatarn</strong></span> <span class='ocrx_word' id='word_1_138' title='bbox 896 2590 952 2656; x_wconf 90' lang='lat' dir='ltr'><strong>per</strong></span> <span class='ocrx_word' id='word_1_139' title='bbox 968 2577 1091 2636; x_wconf 90' lang='lat' dir='ltr'><strong>ueteres</strong></span> <span class='ocrx_word' id='word_1_140' title='bbox 1107 2576 1204 2635; x_wconf 85' lang='lat' dir='ltr'><strong>metas</strong></span> <span class='ocrx_word' id='word_1_141' title='bbox 1220 2578 1252 2635; x_wconf 89' lang='lat' dir='ltr'><strong>et</strong></span> 
     </span>
     <span class='ocr_line' id='line_1_20' title="bbox 63 2678 1254 2775; baseline 0.006 -36"><span class='ocrx_word' id='word_1_142' title='bbox 63 2678 192 2763; x_wconf 87' lang='lat' dir='ltr'><strong>antiquas</strong></span> <span class='ocrx_word' id='word_1_143' title='bbox 216 2686 367 2764; x_wconf 89' lang='lat' dir='ltr'><strong>perpetuo</strong></span> <span class='ocrx_word' id='word_1_144' title='bbox 395 2680 624 2775; x_wconf 77' lang='lat' dir='ltr'><strong>possidendam,</strong></span> <span class='ocrx_word' id='word_1_145' title='bbox 654 2681 774 2747; x_wconf 90' lang='lat' dir='ltr'><strong>demum</strong></span> <span class='ocrx_word' id='word_1_146' title='bbox 798 2680 900 2745; x_wconf 87' lang='lat' dir='ltr'><strong>dictus</strong></span> <span class='ocrx_word' id='word_1_147' title='bbox 927 2678 1073 2761; x_wconf 85' lang='lat' dir='ltr'><strong>magister</strong></span> <span class='ocrx_word' id='word_1_148' title='bbox 1098 2681 1254 2749; x_wconf 76' lang='lat' dir='ltr'><strong>Nicotaus</strong></span> 
     </span>
     <span class='ocr_line' id='line_1_21' title="bbox 62 2786 1255 2875; baseline 0.005 -28"><span class='ocrx_word' id='word_1_149' title='bbox 62 2791 158 2849; x_wconf 85' lang='lat' dir='ltr'><strong>cantor</strong></span> <span class='ocrx_word' id='word_1_150' title='bbox 181 2786 221 2851; x_wconf 90' lang='lat' dir='ltr'><strong>ad</strong></span> <span class='ocrx_word' id='word_1_151' title='bbox 245 2808 301 2853; x_wconf 89' lang='lat' dir='ltr'><strong>nos</strong></span> <span class='ocrx_word' id='word_1_152' title='bbox 323 2808 466 2853; x_wconf 86' lang='lat' dir='ltr'><strong>reuersus</strong></span> <span class='ocrx_word' id='word_1_153' title='bbox 489 2789 576 2853; x_wconf 88' lang='lat' dir='ltr'><strong>nobis</strong></span> <span class='ocrx_word' id='word_1_154' title='bbox 605 2790 725 2863; x_wconf 86' lang='lat' dir='ltr'><strong>retulit,</strong></span> <span class='ocrx_word' id='word_1_155' title='bbox 754 2790 835 2873; x_wconf 89' lang='lat' dir='ltr'><strong>quod</strong></span> <span class='ocrx_word' id='word_1_156' title='bbox 863 2787 939 2853; x_wconf 87' lang='lat' dir='ltr'><strong>dicti</strong></span> <span class='ocrx_word' id='word_1_157' title='bbox 962 2808 1065 2853; x_wconf 90' lang='lat' dir='ltr'><strong>comes</strong></span> <span class='ocrx_word' id='word_1_158' title='bbox 1080 2787 1200 2875; x_wconf 74' lang='lat' dir='ltr'><strong>Spmon</strong></span> <span class='ocrx_word' id='word_1_159' title='bbox 1223 2792 1255 2853; x_wconf 86' lang='lat' dir='ltr'><strong>et</strong></span> 
     </span>
     <span class='ocr_line' id='line_1_22' title="bbox 63 2892 1254 2980; baseline 0.003 -23"><span class='ocrx_word' id='word_1_160' title='bbox 63 2892 217 2961; x_wconf 72' lang='lat' dir='ltr'><strong>totamm</strong></span> <span class='ocrx_word' id='word_1_161' title='bbox 233 2895 313 2960; x_wconf 86' lang='lat' dir='ltr'><strong>iilius</strong></span> <span class='ocrx_word' id='word_1_162' title='bbox 332 2897 498 2970; x_wconf 66' lang='lat' dir='ltr'><strong>Valentini,</strong></span> <span class='ocrx_word' id='word_1_163' title='bbox 515 2897 603 2962; x_wconf 87' lang='lat' dir='ltr'><strong>humo</strong></span> <span class='ocrx_word' id='word_1_164' title='bbox 619 2897 775 2963; x_wconf 88' lang='lat' dir='ltr'><strong>memorati</strong></span> <span class='ocrx_word' id='word_1_165' title='bbox 791 2896 906 2961; x_wconf 89' lang='lat' dir='ltr'><strong>domini</strong></span> <span class='ocrx_word' id='word_1_166' title='bbox 920 2897 1018 2960; x_wconf 91' lang='lat' dir='ltr'><strong>nostri</strong></span> <span class='ocrx_word' id='word_1_167' title='bbox 1033 2896 1138 2980; x_wconf 84' lang='lat' dir='ltr'><strong>Regis.</strong></span> <span class='ocrx_word' id='word_1_168' title='bbox 1159 2915 1254 2961; x_wconf 90' lang='lat' dir='ltr'><strong>acce·</strong></span> 
     </span>
     <span class='ocr_line' id='line_1_23' title="bbox 63 3000 1253 3092; baseline 0.005 -29"><span class='ocrx_word' id='word_1_169' title='bbox 63 3000 151 3067; x_wconf 91' lang='lat' dir='ltr'><strong>dendo</strong></span> <span class='ocrx_word' id='word_1_170' title='bbox 162 3004 201 3069; x_wconf 89' lang='lat' dir='ltr'><strong>ad</strong></span> <span class='ocrx_word' id='word_1_171' title='bbox 217 3004 326 3069; x_wconf 86' lang='lat' dir='ltr'><strong>taciem</strong></span> <span class='ocrx_word' id='word_1_172' title='bbox 339 3005 458 3089; x_wconf 86' lang='lat' dir='ltr'><strong>pretate</strong></span> <span class='ocrx_word' id='word_1_173' title='bbox 473 3006 678 3089; x_wconf 84' lang='lat' dir='ltr'><strong>possessionis</strong></span> <span class='ocrx_word' id='word_1_174' title='bbox 691 3004 914 3092; x_wconf 75' lang='lat' dir='ltr'><strong>Odccdunuclp</strong></span> <span class='ocrx_word' id='word_1_175' title='bbox 926 3010 1095 3088; x_wconf 90' lang='lat' dir='ltr'><strong>nuncupate</strong></span> <span class='ocrx_word' id='word_1_176' title='bbox 1108 3008 1139 3067; x_wconf 91' lang='lat' dir='ltr'><strong>et</strong></span> <span class='ocrx_word' id='word_1_177' title='bbox 1150 3024 1253 3069; x_wconf 79' lang='lat' dir='ltr'><strong>comm</strong></span> 
     </span>
     <span class='ocr_line' id='line_1_24' title="bbox 63 3109 1253 3195; baseline 0.005 -23"><span class='ocrx_word' id='word_1_178' title='bbox 63 3109 161 3175; x_wconf 90' lang='lat' dir='ltr'><strong>uicinis</strong></span> <span class='ocrx_word' id='word_1_179' title='bbox 185 3118 216 3177; x_wconf 91' lang='lat' dir='ltr'><strong>el</strong></span> <span class='ocrx_word' id='word_1_180' title='bbox 239 3112 426 3177; x_wconf 86' lang='lat' dir='ltr'><strong>cometaneis</strong></span> <span class='ocrx_word' id='word_1_181' title='bbox 452 3132 487 3178; x_wconf 89' lang='lat' dir='ltr'><strong>ac</strong></span> <span class='ocrx_word' id='word_1_182' title='bbox 511 3113 662 3179; x_wconf 89' lang='lat' dir='ltr'><strong>nobilibus</strong></span> <span class='ocrx_word' id='word_1_183' title='bbox 685 3113 901 3195; x_wconf 82' lang='lat' dir='ltr'><strong>iobagionilrus</strong></span> <span class='ocrx_word' id='word_1_184' title='bbox 918 3113 1013 3175; x_wconf 91' lang='lat' dir='ltr'><strong>castri</strong></span> <span class='ocrx_word' id='word_1_185' title='bbox 1026 3111 1253 3186; x_wconf 80' lang='lat' dir='ltr'><strong>Muennieaoao&#39;a,</strong></span> 
     </span>
     <span class='ocr_line' id='line_1_25' title="bbox 64 3220 1252 3307; baseline 0.005 -27"><span class='ocrx_word' id='word_1_186' title='bbox 64 3238 183 3284; x_wconf 91' lang='lat' dir='ltr'><strong>necnon</strong></span> <span class='ocrx_word' id='word_1_187' title='bbox 201 3220 444 3307; x_wconf 89' lang='lat' dir='ltr'><strong>quampluribus</strong></span> <span class='ocrx_word' id='word_1_188' title='bbox 461 3221 613 3285; x_wconf 88' lang='lat' dir='ltr'><strong>nobilibus</strong></span> <span class='ocrx_word' id='word_1_189' title='bbox 630 3226 662 3286; x_wconf 86' lang='lat' dir='ltr'><strong>et</strong></span> <span class='ocrx_word' id='word_1_190' title='bbox 677 3223 742 3287; x_wconf 87' lang='lat' dir='ltr'><strong>aliis</strong></span> <span class='ocrx_word' id='word_1_191' title='bbox 759 3220 859 3285; x_wconf 87' lang='lat' dir='ltr'><strong>libere</strong></span> <span class='ocrx_word' id='word_1_192' title='bbox 875 3220 1064 3285; x_wconf 90' lang='lat' dir='ltr'><strong>condicionis</strong></span> <span class='ocrx_word' id='word_1_193' title='bbox 1081 3220 1252 3285; x_wconf 89' lang='lat' dir='ltr'><strong>huminibus</strong></span> 
     </span>
     <span class='ocr_line' id='line_1_26' title="bbox 67 3324 1252 3411; baseline 0.006 -23"><span class='ocrx_word' id='word_1_194' title='bbox 67 3324 99 3389; x_wconf 91' lang='lat' dir='ltr'><strong>de</strong></span> <span class='ocrx_word' id='word_1_195' title='bbox 113 3328 394 3395; x_wconf 89' lang='lat' dir='ltr'><strong>circumiacentibus</strong></span> <span class='ocrx_word' id='word_1_196' title='bbox 415 3330 496 3395; x_wconf 81' lang='lat' dir='ltr'><strong>uillis</strong></span> <span class='ocrx_word' id='word_1_197' title='bbox 521 3328 663 3393; x_wconf 87' lang='lat' dir='ltr'><strong>similiter</strong></span> <span class='ocrx_word' id='word_1_198' title='bbox 686 3327 760 3392; x_wconf 86' lang='lat' dir='ltr'><strong>inihi</strong></span> <span class='ocrx_word' id='word_1_199' title='bbox 782 3329 898 3393; x_wconf 87' lang='lat' dir='ltr'><strong>uocatis</strong></span> <span class='ocrx_word' id='word_1_200' title='bbox 914 3328 954 3393; x_wconf 91' lang='lat' dir='ltr'><strong>de</strong></span> <span class='ocrx_word' id='word_1_201' title='bbox 970 3329 1124 3411; x_wconf 89' lang='lat' dir='ltr'><strong>prouincia</strong></span> <span class='ocrx_word' id='word_1_202' title='bbox 1139 3329 1252 3395; x_wconf 80' lang='lat' dir='ltr'><strong>Maeu-</strong></span> 
     </span>
     <span class='ocr_line' id='line_1_27' title="bbox 64 3434 1252 3520; baseline 0.003 -23"><span class='ocrx_word' id='word_1_203' title='bbox 64 3434 172 3507; x_wconf 81' lang='lat' dir='ltr'><strong>aicnai.</strong></span> <span class='ocrx_word' id='word_1_204' title='bbox 199 3437 381 3502; x_wconf 74' lang='lat' dir='ltr'><strong>antedictam</strong></span> <span class='ocrx_word' id='word_1_205' title='bbox 404 3438 628 3520; x_wconf 88' lang='lat' dir='ltr'><strong>possessionem</strong></span> <span class='ocrx_word' id='word_1_206' title='bbox 651 3436 893 3501; x_wconf 89' lang='lat' dir='ltr'><strong>reambulassent</strong></span> <span class='ocrx_word' id='word_1_207' title='bbox 920 3442 952 3501; x_wconf 92' lang='lat' dir='ltr'><strong>et</strong></span> <span class='ocrx_word' id='word_1_208' title='bbox 979 3437 1189 3520; x_wconf 75' lang='lat' dir='ltr'><strong>assignassent</strong></span> <span class='ocrx_word' id='word_1_209' title='bbox 1214 3456 1252 3501; x_wconf 89' lang='lat' dir='ltr'><strong>ac</strong></span> 
     </span>
     <span class='ocr_line' id='line_1_28' title="bbox 65 3542 1252 3628; baseline 0.006 -26"><span class='ocrx_word' id='word_1_210' title='bbox 65 3544 227 3609; x_wconf 86' lang='lat' dir='ltr'><strong>statuissent</strong></span> <span class='ocrx_word' id='word_1_211' title='bbox 242 3545 326 3609; x_wconf 88' lang='lat' dir='ltr'><strong>dicte</strong></span> <span class='ocrx_word' id='word_1_212' title='bbox 342 3542 434 3608; x_wconf 85' lang='lat' dir='ltr'><strong>Curis</strong></span> <span class='ocrx_word' id='word_1_213' title='bbox 451 3545 643 3609; x_wconf 87' lang='lat' dir='ltr'><strong>llcnacorum</strong></span> <span class='ocrx_word' id='word_1_214' title='bbox 660 3566 715 3609; x_wconf 89' lang='lat' dir='ltr'><strong>seu</strong></span> <span class='ocrx_word' id='word_1_215' title='bbox 731 3544 865 3628; x_wconf 83' lang='lat' dir='ltr'><strong>Grangie</strong></span> <span class='ocrx_word' id='word_1_216' title='bbox 880 3545 947 3609; x_wconf 94' lang='lat' dir='ltr'><strong>iure</strong></span> <span class='ocrx_word' id='word_1_217' title='bbox 962 3550 1111 3628; x_wconf 88' lang='lat' dir='ltr'><strong>perpetuo</strong></span> <span class='ocrx_word' id='word_1_218' title='bbox 1128 3550 1159 3609; x_wconf 92' lang='lat' dir='ltr'><strong>et</strong></span> <span class='ocrx_word' id='word_1_219' title='bbox 1174 3545 1252 3609; x_wconf 91' lang='lat' dir='ltr'><strong>irre-</strong></span> 
     </span>
     <span class='ocr_line' id='line_1_29' title="bbox 68 3650 1250 3736; baseline 0.003 -25"><span class='ocrx_word' id='word_1_220' title='bbox 68 3650 234 3717; x_wconf 90' lang='lat' dir='ltr'><strong>uocabiliter</strong></span> <span class='ocrx_word' id='word_1_221' title='bbox 258 3652 491 3736; x_wconf 85' lang='lat' dir='ltr'><strong>possidendam,</strong></span> <span class='ocrx_word' id='word_1_222' title='bbox 519 3652 596 3715; x_wconf 92' lang='lat' dir='ltr'><strong>nullo</strong></span> <span class='ocrx_word' id='word_1_223' title='bbox 621 3655 740 3735; x_wconf 90' lang='lat' dir='ltr'><strong>penitus</strong></span> <span class='ocrx_word' id='word_1_224' title='bbox 766 3654 992 3719; x_wconf 79' lang='lat' dir='ltr'><strong>contradictore</strong></span> <span class='ocrx_word' id='word_1_225' title='bbox 1014 3653 1164 3716; x_wconf 87' lang='lat' dir='ltr'><strong>existente</strong></span> <span class='ocrx_word' id='word_1_226' title='bbox 1191 3672 1250 3736; x_wconf 94' lang='lat' dir='ltr'><strong>per</strong></span> 
     </span>
     <span class='ocr_line' id='line_1_30' title="bbox 68 3760 1250 3845; baseline 0.007 -28"><span class='ocrx_word' id='word_1_227' title='bbox 68 3764 176 3823; x_wconf 88' lang='lat' dir='ltr'><strong>ueteres</strong></span> <span class='ocrx_word' id='word_1_228' title='bbox 188 3763 286 3825; x_wconf 88' lang='lat' dir='ltr'><strong>metas</strong></span> <span class='ocrx_word' id='word_1_229' title='bbox 299 3764 329 3825; x_wconf 90' lang='lat' dir='ltr'><strong>et</strong></span> <span class='ocrx_word' id='word_1_230' title='bbox 342 3762 488 3845; x_wconf 87' lang='lat' dir='ltr'><strong>antiquas,</strong></span> <span class='ocrx_word' id='word_1_231' title='bbox 502 3762 610 3844; x_wconf 86' lang='lat' dir='ltr'><strong>quibus</strong></span> <span class='ocrx_word' id='word_1_232' title='bbox 628 3761 708 3825; x_wconf 88' lang='lat' dir='ltr'><strong>dicta</strong></span> <span class='ocrx_word' id='word_1_233' title='bbox 720 3761 878 3844; x_wconf 89' lang='lat' dir='ltr'><strong>possessio</strong></span> <span class='ocrx_word' id='word_1_234' title='bbox 892 3760 1018 3842; x_wconf 86' lang='lat' dir='ltr'><strong>distingi</strong></span> <span class='ocrx_word' id='word_1_235' title='bbox 1031 3760 1200 3824; x_wconf 89' lang='lat' dir='ltr'><strong>dinoscitur</strong></span> <span class='ocrx_word' id='word_1_236' title='bbox 1212 3760 1250 3825; x_wconf 81' lang='lat' dir='ltr'><strong>ab</strong></span> 
     </span>
     <span class='ocr_line' id='line_1_31' title="bbox 68 3866 1251 3955; baseline 0.007 -30"><span class='ocrx_word' id='word_1_237' title='bbox 68 3866 182 3949; x_wconf 73' lang='lat' dir='ltr'><strong>auique.</strong></span> <span class='ocrx_word' id='word_1_238' title='bbox 207 3867 321 3933; x_wconf 86' lang='lat' dir='ltr'><strong>Cursus</strong></span> <span class='ocrx_word' id='word_1_239' title='bbox 337 3889 411 3933; x_wconf 87' lang='lat' dir='ltr'><strong>uero</strong></span> <span class='ocrx_word' id='word_1_240' title='bbox 425 3874 570 3935; x_wconf 87' lang='lat' dir='ltr'><strong>metarum</strong></span> <span class='ocrx_word' id='word_1_241' title='bbox 583 3870 754 3953; x_wconf 88' lang='lat' dir='ltr'><strong>prescripte</strong></span> <span class='ocrx_word' id='word_1_242' title='bbox 769 3870 975 3955; x_wconf 90' lang='lat' dir='ltr'><strong>possessionis</strong></span> <span class='ocrx_word' id='word_1_243' title='bbox 987 3870 1063 3933; x_wconf 91' lang='lat' dir='ltr'><strong>tales</strong></span> <span class='ocrx_word' id='word_1_244' title='bbox 1075 3874 1155 3941; x_wconf 84' lang='lat' dir='ltr'><strong>sunt,</strong></span> <span class='ocrx_word' id='word_1_245' title='bbox 1170 3867 1251 3953; x_wconf 88' lang='lat' dir='ltr'><strong>quod</strong></span> 
     </span>
     <span class='ocr_line' id='line_1_32' title="bbox 69 3973 1250 4062; baseline 0.006 -28"><span class='ocrx_word' id='word_1_246' title='bbox 69 3973 150 4053; x_wconf 89' lang='lat' dir='ltr'><strong>prima</strong></span> <span class='ocrx_word' id='word_1_247' title='bbox 165 3982 242 4041; x_wconf 89' lang='lat' dir='ltr'><strong>mets</strong></span> <span class='ocrx_word' id='word_1_248' title='bbox 259 3976 368 4061; x_wconf 91' lang='lat' dir='ltr'><strong>incipit</strong></span> <span class='ocrx_word' id='word_1_249' title='bbox 382 3976 419 4041; x_wconf 86' lang='lat' dir='ltr'><strong>ab</strong></span> <span class='ocrx_word' id='word_1_250' title='bbox 436 3977 584 4043; x_wconf 84' lang='lat' dir='ltr'><strong>orientes</strong></span> <span class='ocrx_word' id='word_1_251' title='bbox 600 3978 813 4062; x_wconf 88' lang='lat' dir='ltr'><strong>possessione,</strong></span> <span class='ocrx_word' id='word_1_252' title='bbox 835 3996 895 4062; x_wconf 89' lang='lat' dir='ltr'><strong>que</strong></span> <span class='ocrx_word' id='word_1_253' title='bbox 911 3976 1022 4041; x_wconf 89' lang='lat' dir='ltr'><strong>dicitur</strong></span> <span class='ocrx_word' id='word_1_254' title='bbox 1039 3976 1250 4049; x_wconf 71' lang='lat' dir='ltr'><strong>randum,</strong></span> 
     </span>
     <span class='ocr_line' id='line_1_33' title="bbox 69 4083 1250 4169; baseline 0.006 -26"><span class='ocrx_word' id='word_1_255' title='bbox 69 4083 94 4143; x_wconf 86' lang='lat' dir='ltr'><strong>et</strong></span> <span class='ocrx_word' id='word_1_256' title='bbox 106 4084 286 4163; x_wconf 90' lang='lat' dir='ltr'><strong>protenditur</strong></span> <span class='ocrx_word' id='word_1_257' title='bbox 302 4085 339 4149; x_wconf 88' lang='lat' dir='ltr'><strong>ad</strong></span> <span class='ocrx_word' id='word_1_258' title='bbox 356 4083 526 4169; x_wconf 87' lang='lat' dir='ltr'><strong>aquilonem</strong></span> <span class='ocrx_word' id='word_1_259' title='bbox 543 4106 651 4149; x_wconf 88' lang='lat' dir='ltr'><strong>uersus</strong></span> <span class='ocrx_word' id='word_1_260' title='bbox 668 4087 766 4151; x_wconf 83' lang='lat' dir='ltr'><strong>villam</strong></span> <span class='ocrx_word' id='word_1_261' title='bbox 784 4088 934 4157; x_wconf 82' lang='lat' dir='ltr'><strong>Zaraun,</strong></span> <span class='ocrx_word' id='word_1_262' title='bbox 962 4090 994 4149; x_wconf 92' lang='lat' dir='ltr'><strong>et</strong></span> <span class='ocrx_word' id='word_1_263' title='bbox 1009 4085 1080 4149; x_wconf 90' lang='lat' dir='ltr'><strong>iude</strong></span> <span class='ocrx_word' id='word_1_264' title='bbox 1097 4084 1196 4150; x_wconf 92' lang='lat' dir='ltr'><strong>tendit</strong></span> <span class='ocrx_word' id='word_1_265' title='bbox 1210 4085 1250 4150; x_wconf 87' lang='lat' dir='ltr'><strong>ad</strong></span> 
     </span>
     <span class='ocr_line' id='line_1_34' title="bbox 69 4188 1249 4278; baseline 0.008 -28"><span class='ocrx_word' id='word_1_266' title='bbox 69 4188 240 4256; x_wconf 86' lang='lat' dir='ltr'><strong>occidentem</strong></span> <span class='ocrx_word' id='word_1_267' title='bbox 258 4213 365 4257; x_wconf 90' lang='lat' dir='ltr'><strong>uersus</strong></span> <span class='ocrx_word' id='word_1_268' title='bbox 381 4194 609 4278; x_wconf 89' lang='lat' dir='ltr'><strong>possessionem</strong></span> <span class='ocrx_word' id='word_1_269' title='bbox 628 4195 745 4267; x_wconf 85' lang='lat' dir='ltr'><strong>Golas,</strong></span> <span class='ocrx_word' id='word_1_270' title='bbox 773 4201 806 4259; x_wconf 88' lang='lat' dir='ltr'><strong>et</strong></span> <span class='ocrx_word' id='word_1_271' title='bbox 819 4194 1009 4278; x_wconf 90' lang='lat' dir='ltr'><strong>postmodum</strong></span> <span class='ocrx_word' id='word_1_272' title='bbox 1025 4195 1194 4258; x_wconf 85' lang='lat' dir='ltr'><strong>reflectitur</strong></span> <span class='ocrx_word' id='word_1_273' title='bbox 1209 4193 1249 4259; x_wconf 89' lang='lat' dir='ltr'><strong>ad</strong></span> 
     </span>
     <span class='ocr_line' id='line_1_35' title="bbox 69 4294 1249 4387; baseline 0.007 -28"><span class='ocrx_word' id='word_1_274' title='bbox 69 4294 172 4379; x_wconf 80' lang='lat' dir='ltr'><strong>plagam</strong></span> <span class='ocrx_word' id='word_1_275' title='bbox 187 4302 411 4368; x_wconf 88' lang='lat' dir='ltr'><strong>meridionalem</strong></span> <span class='ocrx_word' id='word_1_276' title='bbox 434 4323 543 4367; x_wconf 87' lang='lat' dir='ltr'><strong>uersus</strong></span> <span class='ocrx_word' id='word_1_277' title='bbox 560 4301 679 4365; x_wconf 81' lang='lat' dir='ltr'><strong>Curiam</strong></span> <span class='ocrx_word' id='word_1_278' title='bbox 696 4303 889 4367; x_wconf 90' lang='lat' dir='ltr'><strong>llcnacorum</strong></span> <span class='ocrx_word' id='word_1_279' title='bbox 910 4301 968 4365; x_wconf 86' lang='lat' dir='ltr'><strong>iarn</strong></span> <span class='ocrx_word' id='word_1_280' title='bbox 994 4301 1161 4374; x_wconf 87' lang='lat' dir='ltr'><strong>dictorum,</strong></span> <span class='ocrx_word' id='word_1_281' title='bbox 1188 4323 1249 4387; x_wconf 90' lang='lat' dir='ltr'><strong>que</strong></span> 
     </span>
     <span class='ocr_line' id='line_1_36' title="bbox 71 4410 1248 4496; baseline 0.001 -23"><span class='ocrx_word' id='word_1_282' title='bbox 71 4422 170 4473; x_wconf 68' lang='lat' dir='ltr'><strong>mam</strong></span> <span class='ocrx_word' id='word_1_283' title='bbox 190 4411 339 4496; x_wconf 81' lang='lat' dir='ltr'><strong>predium</strong></span> <span class='ocrx_word' id='word_1_284' title='bbox 360 4416 565 4494; x_wconf 84' lang='lat' dir='ltr'><strong>nuncupatur,</strong></span> <span class='ocrx_word' id='word_1_285' title='bbox 597 4415 627 4473; x_wconf 90' lang='lat' dir='ltr'><strong>et</strong></span> <span class='ocrx_word' id='word_1_286' title='bbox 649 4410 694 4473; x_wconf 91' lang='lat' dir='ltr'><strong>sic</strong></span> <span class='ocrx_word' id='word_1_287' title='bbox 718 4415 798 4474; x_wconf 90' lang='lat' dir='ltr'><strong>mete</strong></span> <span class='ocrx_word' id='word_1_288' title='bbox 821 4411 1019 4488; x_wconf 86' lang='lat' dir='ltr'><strong>terminantur</strong></span> <span class='ocrx_word' id='word_1_289' title='bbox 1041 4410 1248 4493; x_wconf 88' lang='lat' dir='ltr'><strong>possessionis</strong></span> 
     </span>
     <span class='ocr_line' id='line_1_37' title="bbox 71 4513 1247 4604; baseline 0.006 -30"><span class='ocrx_word' id='word_1_290' title='bbox 71 4513 212 4581; x_wconf 87' lang='lat' dir='ltr'><strong>antedicte.</strong></span> <span class='ocrx_word' id='word_1_291' title='bbox 242 4519 275 4582; x_wconf 92' lang='lat' dir='ltr'><strong>ln</strong></span> <span class='ocrx_word' id='word_1_292' title='bbox 298 4520 383 4585; x_wconf 89' lang='lat' dir='ltr'><strong>cuius</strong></span> <span class='ocrx_word' id='word_1_293' title='bbox 398 4520 445 4581; x_wconf 93' lang='lat' dir='ltr'><strong>rei</strong></span> <span class='ocrx_word' id='word_1_294' title='bbox 468 4518 641 4584; x_wconf 87' lang='lat' dir='ltr'><strong>memoriam</strong></span> <span class='ocrx_word' id='word_1_295' title='bbox 656 4524 687 4582; x_wconf 90' lang='lat' dir='ltr'><strong>et</strong></span> <span class='ocrx_word' id='word_1_296' title='bbox 704 4525 880 4604; x_wconf 87' lang='lat' dir='ltr'><strong>perpetuam</strong></span> <span class='ocrx_word' id='word_1_297' title='bbox 897 4515 1067 4582; x_wconf 84' lang='lat' dir='ltr'><strong>firmitatem</strong></span> <span class='ocrx_word' id='word_1_298' title='bbox 1084 4523 1247 4603; x_wconf 89' lang='lat' dir='ltr'><strong>presentes</strong></span> 
     </span>
    </p>
   </div>
   <div class='ocr_carea' id='block_1_9' title="bbox 0 0 1534 5067">
    <p class='ocr_par' dir='ltr' id='par_1_9' title="bbox 0 0 1534 5067">
     <span class='ocr_line' id='line_1_38' title="bbox 0 0 1534 5067; baseline 0 1"><span class='ocrx_word' id='word_1_299' title='bbox 0 0 1534 5067; x_wconf 95' lang='lat' dir='ltr'><strong> </strong></span> 
     </span>
    </p>
   </div>
  </div>
 </body>
</html>
