3059 5067
284 408 364 483 372

283 576 532 667 aygnerinsigel
548 581 646 646 haben
663 582 722 646 vad
748 582 872 647 darvmh
901 602 937 647 ne
960 583 1061 646 cinern
1090 580 1218 647 urchuut
1244 580 1303 646 and
1332 602 1370 645 ze
1399 581 1484 645 einer

283 692 451 757 sicherbait
466 690 521 755 der
538 690 702 774 wandlung
723 690 823 755 haben
847 692 903 755 wir
928 690 979 755 die
1002 688 1115 754 orbern
1142 690 1200 754 rnd
1228 688 1280 753 (lie
1296 687 1482 753 beschaidon

282 820 382 872 rnann,
398 798 493 864 heren
510 801 688 866 barentum
705 800 763 863 den
773 800 877 865 Hsitcr
893 798 952 863 ond
967 798 1044 863 bern
1058 798 1224 865 Vlrcicbca
1240 796 1484 863 censionem

284 926 340 989 gar
352 906 532 972 lleinicleicb
549 914 692 993 gepeten,
705 908 762 971 daz
780 908 826 971 sie
838 908 894 972 der
909 908 983 971 sach
999 926 1130 990 gcaewg
1143 906 1211 971 sind
1225 907 1278 971 mit
1289 906 1356 970 iren
1368 904 1483 969 when-

285 1016 407 1098 gunden
425 1016 576 1099 insigeln,
591 1015 623 1081 in
640 1037 678 1081 an
693 1015 837 1081 scharlen.
858 1015 960 1080 Vnder
990 1014 1152 1081 derselben
1175 1015 1302 1097 insigiln
1318 1014 1484 1099 verpinclen

284 1124 342 1186 wir
357 1145 412 1189 uns
429 1124 489 1188 alle
503 1124 768 1206 gemainichleicb,
783 1124 833 1189 (lie
849 1144 903 1189 vor
919 1145 957 1187 an
971 1124 1046 1189 (lem
1063 1124 1128 1189 bril
1139 1123 1250 1189 benant
1257 1122 1339 1195 sind,
1356 1142 1394 1187 an
1411 1122 1485 1185 alles

286 1250 382 1313 geuer
403 1232 478 1296 alles
494 1232 550 1297 das
565 1236 626 1297 stet
648 1253 685 1297 ru
700 1232 801 1297 haben
826 1232 885 1295 und
901 1252 938 1296 ne
962 1232 1088 1304 laisten.
1113 1232 1169 1297 dan
1193 1231 1271 1296 oben
1287 1252 1325 1295 an
1341 1229 1412 1295 (lem
1429 1229 1489 1292 bril

283 1340 469 1423 geschriben
482 1341 541 1406 und
553 1360 756 1423 ausgenomen
768 1342 817 1407 ist.
835 1340 898 1406 Der
914 1340 979 1405 bril
989 1342 1030 1406 ist
1041 1339 1142 1425 geben
1155 1340 1231 1403 nach
1242 1338 1356 1403 Christi
1367 1337 1484 1422 geburrl

286 1446 483 1511 drewtaehen
499 1446 632 1512 hondert
647 1448 708 1520 iar,
733 1448 789 1512 dar
805 1448 883 1513 nach
904 1449 935 1512 iu
957 1448 1025 1512 nem
1050 1449 1130 1512 iuml
1143 1446 1199 1511 und
1215 1448 1410 1529 achtzigsten
1427 1448 1483 1517 iar,

285 1556 342 1620 (len
359 1557 496 1639 ireytsgs
511 1557 590 1621 nach
605 1555 681 1621 sand
697 1557 830 1621 Thomas
846 1562 899 1639 lag
915 1558 971 1621 dea
988 1556 1120 1640 heiligen
1138 1550 1352 1639 awelilipilen.

361 1678 480 1751 Oripiuul
492 1678 540 1733 aul
550 1678 709 1750 Pergameni
721 1678 769 1735 mit
782 1680 866 1735 einsm
880 1680 980 1751 Siegsl,
994 1680 1043 1736 olas
1055 1681 1150 1735 rasile
1164 1680 1238 1735 leblt.

777 1806 994 1890 CCCXVIII.

285 1932 365 2007 lbbb,
384 1934 427 1992 ls.
446 1934 513 2007 ΙιΙ,
532 1934 635 1993 Eam
662 1966 696 1975 —
723 1933 811 1990 Belo
829 1936 919 2010 Popat
942 1934 1061 1991 Urban'a
1085 1936 1128 1990 VI.
1157 1954 1196 1991 ors
1215 1934 1272 1991 dm
1290 1933 1417 2007 Biaebof
1434 1950 1487 1987 cca

286 2026 406 2088 Passus,
418 2026 510 2082 acoris
523 2043 556 2081 cr
568 2026 618 2081 ibn
630 2025 804 2099 bcouftropt,
825 2026 871 2083 ulte
884 2026 1102 2098 Anpelcpenbcit
1124 2026 1175 2081 ulcr
1187 2025 1420 2100 Incorporiruap
1437 2023 1489 2078 aler

288 2115 395 2188 Psarrc
413 2116 510 2172 Alanoi
526 2134 582 2172 sur
600 2117 683 2172 Abtci
700 2116 921 2188 Heilipcalrrcus
938 2116 1112 2187 currulium
1131 2135 1167 2171 su
1196 2116 1403 2179 aaronem.
1420 2114 1489 2175 aad,

334 2224 417 2263 werra
428 2207 494 2263 hein
506 2207 638 2263 Amtmrd
650 2206 787 2270 cbwultct,
799 2224 853 2264 aas
864 2208 1041 2282 pupatlicbcr
1058 2205 1215 2263 volumem
1225 2223 1263 2261 au
1276 2206 1441 2277 berthtipan.

381 2318 525 2384 Urbanus
546 2317 711 2402 episcopus
732 2319 848 2383 Seruus
870 2338 1026 2384 seruorum
1049 2318 1108 2383 dei.
1138 2316 1311 2383 Venerabili
1334 2317 1423 2380 fratri
1447 2362 1455 2377 .
1480 2361 1487 2376 .

286 2425 440 2511 Episcopo
469 2427 659 2493 Putauienei
679 2426 815 2491 Salutem
837 2433 869 2493 et
892 2428 1089 2511 apostolicam
1112 2426 1361 2491 benedictionem.
1392 2424 1490 2487 Saere

287 2536 467 2619 religionis,
484 2534 541 2600 sub
558 2554 616 2620 qna
633 2534 739 2599 dilecti
755 2535 808 2599 fllii
824 2536 925 2601 bbhss
943 2542 974 2601 et
991 2536 1162 2602 Conuentus
1179 2532 1354 2600 blonasteriI
1369 2534 1491 2599 Sancte

289 2645 401 2710 Crucis
412 2645 442 2709 in
459 2644 603 2718 Austris,
619 2642 833 2709 cisterciensis
852 2645 978 2718 ordinis,
996 2644 1183 2709 Pataniensis
1199 2643 1332 2707 diocesis
1349 2641 1492 2705 deuotum

288 2757 320 2815 et
336 2750 475 2816 sedulum
491 2751 638 2817 exhibent
652 2752 773 2818 domino
790 2753 973 2831 famulatum,
990 2757 1181 2836 promeretur
1194 2751 1345 2825 honestas,
1361 2756 1398 2813 ut
1414 2748 1494 2813 uotis

288 2880 391 2924 eorum
418 2860 480 2925 illis
501 2862 682 2946 presertim,
718 2882 775 2945 per
797 2882 856 2946 que
878 2862 951 2927 dicti
966 2861 1140 2925 IIonasterii
1164 2859 1277 2923 utililas
1299 2864 1494 2943 procuretur,

289 2966 496 3035 fauorabiliter
522 2989 697 3035 annuamus.
739 2968 878 3036 Exhibita
905 2968 1054 3056 siquidem
1080 2969 1167 3032 nobie
1194 2987 1292 3052 nuper
1318 2988 1375 3052 pro
1404 2974 1494 3051 parte

288 3076 439 3141 dictorum
454 3076 578 3142 Abbatis
595 3084 626 3141 et
639 3076 812 3142 Conuentus
829 3078 936 3161 petitio
962 3076 1151 3150 continebat,
1178 3076 1257 3161 quod
1275 3075 1345 3141 olim
1361 3081 1494 3161 accepto

284 3204 340 3269 per
363 3185 443 3250 hone
469 3189 615 3252 memorIe
644 3188 820 3253 &sidonem
838 3186 1018 3271 Episcopum
1046 3186 1269 3257 Panaenum,
1296 3190 1370 3249 tuno
1400 3184 1493 3249 titulo

289 3300 394 3358 sancte
410 3292 524 3361 Cecilie
539 3296 740 3380 presbiterum
756 3294 948 3359 Cardinalcm
967 3301 997 3359 et
1019 3295 1049 3358 in
1076 3291 1210 3377 partibus
1237 3292 1298 3359 illis
1315 3292 1491 3376 apostolice

286 3400 371 3467 sedis
388 3402 534 3484 legatum,
554 3403 634 3490 quod
650 3409 777 3489 propter
793 3422 930 3487 magnam
945 3403 1145 3489 frequentiam
1162 3400 1311 3486 hospitum
1337 3408 1399 3465 tam
1415 3422 1492 3486 pau·

286 3530 391 3593 perum
408 3530 495 3595 quarn
512 3513 638 3577 aliorum
655 3513 693 3578 ad
709 3513 807 3597 ipsum
824 3512 1038 3577 blonuslerium
1055 3530 1111 3595 pro
1127 3516 1264 3593 tempore
1276 3510 1492 3575 confluentium

292 3636 380 3702 quam
396 3618 468 3681 alias
485 3620 560 3702 ipsis
577 3641 614 3684 ex
630 3619 789 3691 fructibus,
813 3619 981 3685 rednttibos
1005 3628 1037 3684 et
1059 3616 1260 3703 prouentihus
1284 3618 1358 3683 dicti
1385 3618 1492 3683 Mona·

287 3727 386 3801 elerii,
404 3746 463 3812 que
479 3733 567 3792 erant
582 3732 691 3792 tennes
707 3733 738 3792 et
754 3728 860 3801 exiles,
873 3746 1009 3811 congrue
1020 3728 1184 3791 sustentari
1198 3731 1230 3790 et
1241 3725 1300 3789 alia
1312 3728 1359 3789 eis
1370 3727 1490 3789 iheum-

286 3833 389 3899 bentia
406 3854 498 3900 onera
514 3836 673 3901 commode
688 3845 871 3921 supportare
896 3836 1077 3923 nequibant,
1103 3837 1201 3900 dictus
1224 3834 1397 3919 Episcopus
1419 3840 1489 3901 tunc

288 3940 408 4026 legatus
423 3943 576 4029 Episcopo
592 3944 784 4010 Putauicnsi
804 3964 859 4029 pro
877 3953 947 4009 tuno
971 3944 1113 4009 existenti
1125 3945 1191 4009 eius
1207 3944 1332 4028 proprio
1356 3945 1488 4015 nomine,

289 4070 347 4114 non
375 4072 522 4137 expresso
538 4054 718 4118 auotorItate
735 4074 791 4119 sue
807 4054 967 4137 legationis
991 4072 1046 4137 per
1072 4073 1142 4117 suas
1171 4054 1251 4116 inter
1279 4058 1384 4117 cetera
1407 4052 1488 4117 dedit

287 4158 405 4224 litteras
422 4162 453 4224 in
469 4162 625 4235 mandatis,
643 4168 676 4225 ut
691 4162 759 4246 ipse
776 4162 945 4246 Episcopus
962 4160 1151 4225 Patauiensis
1175 4161 1212 4224 cle
1235 4161 1396 4243 premissis
1421 4160 1487 4225 niti-

286 4272 397 4351 genter
412 4269 580 4353 inquireret
596 4275 641 4343 el,
674 4272 701 4335 si
730 4291 786 4355 per
812 4271 1036 4357 inquisitionem
1063 4268 1234 4335 huiusmodi
1257 4272 1430 4354 repenset,
1453 4290 1486 4332 ea

287 4378 416 4441 uerItme
430 4378 540 4453 fulciri,
556 4380 776 4464 parrochialem
794 4378 955 4445 ecclesium
970 4380 1074 4445 Sancti
1092 4377 1217 4461 Georgii
1234 4377 1273 4441 de
1290 4376 1392 4442 Alcch
1408 4378 1486 4441 olietc

287 4484 428 4560 diocesis,
446 4489 558 4574 quoad
576 4492 832 4572 presentationem
849 4490 996 4554 (lictorum
1012 4486 1138 4553 Iobatis
1164 4493 1195 4551 et
1211 4484 1386 4551 Conuentus
1404 4506 1485 4551 eom·

287 4595 417 4659 maniter
432 4595 591 4677 spectabat
618 4605 650 4661 et
674 4604 810 4681 spectat,
839 4596 935 4661 eidem
952 4596 1137 4662 blonasterio
1164 4599 1315 4679 perpetuo
1344 4597 1434 4661 unire
1458 4602 1488 4684 el

1463 4719 1469 4771 Ι
