3059 5067
1152 367 1225 440 201

26 548 86 614 rud
102 548 168 616 den
187 549 409 617 Weibnaobtsn
425 570 462 616 sn
478 552 539 618 den
555 553 667 627 dieunt,
683 553 758 617 oder
776 547 836 614 nsh
852 545 1076 612 Weihnsclsten
1093 544 1148 608 unit
1164 543 1234 608 dem

27 657 141 725 dienst.
178 658 244 726 Vnd
260 659 318 724 dez
333 679 372 724 ze
386 661 560 735 rrcbnnde,
586 681 675 726 wenn
696 661 753 724 nir
769 657 854 724 nicht
878 675 976 742 sygeu
998 653 1102 737 insigil
1124 649 1234 722 baben,

26 767 131 850 geben
149 769 208 833 wir
234 770 264 832 in
287 767 374 834 disen
395 769 478 854 prist
490 771 670 855 versigilten
693 770 747 834 mit
769 785 876 832 vnsers
892 767 1101 846 vergensnten
1119 759 1234 825 Grnnt·

25 877 119 942 bsrrn
136 877 256 960 insigil.
271 878 327 943 des
343 877 456 944 erbern
473 879 589 944 llerren
605 877 687 942 llern
698 877 864 964 benepoltz.
882 873 992 938 reden
1009 871 1108 936 seiten
1120 871 1179 954 Apt
1196 889 1233 933 sc

27 984 96 1050 dem
118 986 273 1076 Heils‘pcn
289 986 440 1062 Chresto,
472 987 531 1052 and
559 988 612 1053 mit
634 987 691 1051 dez
720 983 830 1050 esbern
853 981 968 1047 llcrren
992 980 1122 1063 insigel,
1151 979 1232 1042 llern

29 1094 199 1166 mosim,
215 1115 253 1160 cu
269 1095 329 1160 deo
346 1097 446 1161 seiten
460 1096 593 1161 Pbarrer
609 1115 646 1159 se
659 1095 781 1164 Puden.
799 1092 854 1156 der
871 1089 954 1154 diser
969 1088 1043 1153 sach
1057 1105 1177 1171 gezeug
1192 1087 1233 1150 ist

28 1201 83 1266 mit
105 1205 228 1268 seinern
248 1203 363 1287 insipit.
396 1204 460 1269 Der
475 1203 564 1269 Priel
579 1203 621 1269 ist
640 1201 741 1286 geben
763 1200 840 1266 nscb
857 1198 996 1264 Christos
1019 1195 1138 1281 gepurd
1161 1193 1236 1261 aber

29 1308 355 1375 dreotaebenbnndert
370 1312 431 1384 iar,
455 1310 516 1379 rnd
537 1309 652 1376 darnslr
674 1310 705 1373 in
728 1307 797 1373 dens
821 1305 917 1372 svbsn
939 1305 999 1370 and
1016 1302 1234 1386 viertnigistenn

29 1417 88 1491 iar,
103 1419 168 1485 dea
185 1419 328 1485 mitioben
345 1441 383 1486 an
399 1420 468 1485 doru
485 1419 630 1503 dsobtag.

103 1559 227 1631 (triginti
240 1559 289 1617 snt
298 1561 456 1633 Pergament
467 1561 515 1617 mit
527 1561 611 1617 einero
625 1559 736 1631 Sisgel,'
746 1557 789 1615 ein
802 1557 911 1614 sweitcs
924 1557 999 1614 tollo.

551 1779 720 1861 CXCVII.

39 1923 121 1996 lest,
144 1925 172 1984 l.
191 1925 257 1985 lull.
277 1955 310 1966 -
332 1924 394 1979 Dus
405 1924 585 1999 Domccps'tel
603 1940 659 1979 eon
677 1922 760 1979 unco
777 1920 969 1984 beurlrumlct,
991 1920 1058 1975 door
1070 1917 1167 1975 lindre
1180 1937 1235 1976 oon

63 2013 170 2086 Eryke
183 2016 261 2071 scine
274 2015 430 2084 Battum
442 2013 565 2070 Periclen
577 2013 631 2070 der
642 2012 728 2069 Abtei
743 2009 962 2082 Hetlipcukrcus
973 2009 1109 2083 sericos!
1120 2009 1199 2066 bobo.

124 2158 299 2244 Capitulum
331 2159 512 2228 anierrsis
534 2159 668 2225 ecclesie
700 2157 838 2224 omnibus
860 2157 968 2222 christi
993 2155 1133 2224 lidelibus
1161 2178 1236 2242 pre·

35 2267 174 2334 sentibus
191 2269 354 2352 peniteret
375 2269 486 2336 suturis
507 2270 700 2353 presencium
721 2269 864 2334 noticiam
887 2266 1035 2332 habituris
1056 2265 1184 2332 salutem
1205 2266 1236 2330 in

36 2377 157 2443 domino
186 2380 414 2463 sempiternam.
445 2377 520 2444 Cum
548 2379 667 2456 omnis,
695 2397 755 2464 que
778 2397 817 2442 ex
843 2375 922 2442 bono
943 2375 1055 2440 mentis
1082 2375 1236 2461 proposito

34 2484 174 2572 bonaque
191 2486 415 2552 deliberacione
431 2486 506 2553 liunt
520 2487 552 2552 in
567 2493 715 2573 tempore,
730 2505 770 2550 ne
785 2490 884 2550 nacto
895 2484 1042 2569 temporis
1058 2503 1115 2567 per
1130 2501 1236 2568 quem-

42 2595 121 2679 piam
135 2597 257 2681 possint
268 2597 317 2662 uel
329 2595 449 2662 usleent
459 2597 611 2672 inmutari,
627 2596 665 2661 ad
677 2602 853 2683 perpetuam
866 2595 915 2660 rei
924 2593 1097 2658 memoriam
1113 2591 1238 2676 scriptis

39 2705 203 2770 autenticis
215 2706 421 2790 perempoiter
432 2705 639 2792 permansuris
657 2709 883 2772 consueuerunt
894 2703 1079 2768 communiri.
1107 2700 1238 2768 Proinde

41 2811 77 2876 ad
92 2814 236 2878 noticiam
250 2815 462 2896 uniuersorum
477 2814 581 2880 harum
598 2815 681 2880 serie
696 2814 834 2879 nolumus
850 2812 1020 2898 peruenire,
1037 2808 1118 2897 quod
1128 2809 1239 2876 Eodrc

41 2917 78 2982 de
93 2921 211 3004 Eoyko
225 2942 281 2986 vna
298 2941 365 2986 cum
380 2922 556 2989 Bcnscdicto
571 2921 634 2987 lilio
654 2942 710 2986 suo
732 2942 768 2986 sc
791 2921 910 2986 domins
926 2919 1079 3006 Etysbetls
1096 2921 1239 2982 consorte

41 3049 104 3103 sua,
120 3051 182 3096 nec
198 3049 257 3096 non
272 3032 454 3098 Kotlserinu
470 3030 530 3097 iilia
546 3052 600 3097 sus
616 3035 704 3116 parte
719 3051 756 3096 ex
773 3051 840 3102 nna,
857 3031 930 3095 item
945 3029 1044 3118 Appii
1058 3033 1238 3114 procuratos·

43 3140 176 3204 ecclesie
197 3147 308 3206 moctc
323 3141 436 3208 Crucis
457 3141 573 3206 ordinis
597 3141 822 3225 Cysterciensis
844 3160 941 3224 prope
962 3141 1078 3205 Fertcu
1104 3141 1238 3202 existens

42 3245 68 3308 in
83 3266 217 3330 persona
231 3247 419 3314 hononhilis
434 3253 467 3312 et
481 3247 620 3333 religiosi
637 3250 693 3315 viri
710 3249 824 3316 domini
840 3249 1004 3336 Lccpcldp
1021 3246 1139 3312 abbatis
1155 3246 1238 3311 eius-

43 3351 106 3418 dem
122 3356 261 3422 ecclesie
275 3366 388 3424 sancte
405 3358 517 3424 diesis
531 3361 618 3443 porte
634 3378 672 3422 ex
686 3357 800 3430 alters.
816 3377 919 3422 eornm
935 3356 1021 3422 nobis
1037 3355 1240 3440 personaliter·

43 3466 196 3531 eonstituti
210 3485 267 3549 per
282 3464 406 3530 eosdem
422 3467 541 3540 Codro,
557 3467 773 3539 benedictum,
790 3465 965 3548 memoret
982 3470 1014 3530 ct
1029 3464 1239 3532 llutdorinnm

43 3574 226 3658 propositum
241 3575 342 3640 extitit
362 3581 394 3640 et
415 3575 545 3640 relatum
566 3577 735 3642 ministerio
757 3577 826 3640 siue
850 3575 935 3640 uocis
958 3576 988 3639 in
1004 3575 1085 3640 hunc
1104 3575 1236 3647 modom,

41 3681 113 3762 qnod
126 3682 277 3768 quondam
293 3685 518 3768 possessionem
530 3686 671 3752 Pccblen
686 3690 822 3751 vocatam
840 3687 871 3749 in
884 3683 1032 3751 Comitatu
1045 3686 1240 3752 Mosonicrrsi

43 3809 131 3875 prope
148 3793 247 3856 lacum
256 3795 372 3877 fcrtcw
384 3793 516 3859 habitem
529 3794 617 3860 titulo
632 3795 799 3880 empcionis
811 3793 1013 3860 mediantibus
1029 3794 1096 3860 eliis
1113 3795 1238 3860 bitteris

46 3901 154 3963 nostris
166 3899 409 3984 priuilegialibus
418 3903 527 3967 exinde
533 3905 682 3970 coniectis
695 3903 800 3986 nigore
810 3903 980 3967 earumdem
994 3901 1161 3968 litterarum
1173 3905 1238 3986 pri·

46 4005 224 4090 oilegialinm
240 4028 308 4074 cum
324 4011 475 4077 uniuersis
491 4010 669 4077 utilitatibus
685 4017 716 4076 et
731 4011 932 4096 pertinenciis
949 4010 1102 4088 eiusdem,
1130 4011 1239 4097 quibus

46 4110 100 4197 ipsi
113 4121 240 4186 eotenus
255 4117 431 4186 habuissent
442 4126 475 4185 ct
488 4119 711 4205 possedissent,
726 4120 827 4185 eidem
841 4120 960 4184 domino
970 4121 1129 4208 leopoldo
1141 4129 1172 4184 et
1184 4141 1240 4206 per

47 4240 107 4286 eum
134 4227 275 4309 predicte
297 4229 433 4294 enclesis
448 4237 560 4296 sande
577 4230 689 4296 Crucis
704 4249 761 4313 pro
774 4229 989 4315 quinquaginta
1006 4225 1127 4294 talentis
1145 4230 1239 4294 dens-

48 4330 285 4431 riornmlntorum
297 4336 496 4419 Vyennesium
506 4340 598 4423 plene
609 4337 877 4424 persolutornmab
887 4339 995 4404 eodem
1007 4345 1239 4424 etreceptorunn

47 4440 248 4506 vendidissent
274 4447 305 4506 et
321 4445 521 4512 vendiderunt
543 4467 644 4513 coram
661 4448 748 4513 nobis
763 4448 840 4513 lure
861 4457 1011 4532 perpetuo
1033 4452 1065 4512 et
1081 4450 1237 4514 irrevocn·

49 4543 142 4614 biliter
157 4550 382 4634 possidendam,
400 4557 560 4620 tenendam
577 4563 608 4620 ct
624 4555 803 4631 babendum,
820 4557 910 4621 dictis
926 4563 1025 4620 nutem
1042 4559 1107 4622 aliis
1125 4557 1232 4623 litteris
