3059 5067
782 651 990 735 cxxxvii.

292 772 372 847 18³0,
396 771 436 832 dl.
454 770 579 834 totum
593 806 626 815 -
640 774 702 833 Dos
719 776 900 851 Dosscnpa'ted
916 796 974 835 oon
995 780 1078 839 Raab
1094 784 1272 844 incendes
1288 788 1349 846 deas
1360 792 1492 865 Hes-yn,

393 863 446 921 aar
457 865 627 936 sanemus
639 864 689 921 nes
703 867 793 925 neca
803 869 948 926 manua
958 888 999 927 aa
1010 872 1059 928 aas
1069 871 1404 948 assemanum

382 992 550 1080 Capitulum
561 992 743 1062 Jonriennis
759 998 892 1064 ecclesie
914 1000 1051 1067 omnibus
1067 1004 1173 1070 christi
1198 1006 1350 1075 fidelibus
1365 1032 1491 1097 presen-

289 1102 370 1169 tibus
399 1102 516 1188 pariter
544 1108 576 1167 et
602 1103 710 1168 suturis
738 1112 897 1189 presentes
930 1108 1048 1176 litteras
1076 1110 1264 1198 inspecturis
1287 1119 1434 1186 Salutem
1462 1124 1489 1186 in

292 1214 412 1280 domino
430 1212 653 1298 sempiternam.
685 1213 730 1278 Ad
748 1216 955 1281 uniuersorum
971 1220 1111 1285 noticiam
1127 1224 1233 1287 harum
1251 1229 1341 1292 serie
1358 1229 1488 1295 volumus

291 1320 470 1409 peruenire,
498 1318 586 1403 Quod
605 1320 752 1388 Andreae
779 1322 859 1388 tilius
880 1326 1038 1395 Jobonm's
1062 1328 1101 1393 de
1122 1334 1329 1415 possessione
1360 1342 1489 1405 Bm.

172 1424 179 1453 *
293 1430 456 1498 Comitatus
468 1428 681 1497 Masonienss's
696 1430 735 1495 ab
751 1450 808 1497 una
825 1440 921 1517 parte.
937 1436 1032 1500 irater
1049 1438 1214 1506 conrados
1230 1444 1356 1510 ordinis
1370 1446 1490 1532 cyster-

292 1542 403 1607 ciensis
431 1538 567 1623 clauiger
595 1538 739 1604 videlicet
759 1540 797 1605 de
819 1562 900 1607 otono
914 1545 1031 1631 predio
1046 1545 1158 1611 domini
1180 1548 1279 1633 Regis
1295 1552 1387 1619 iuxta
1401 1557 1490 1621 laeum

292 1650 423 1722 Fortes,
445 1665 500 1734 pro
516 1646 679 1730 Religiosis
695 1653 725 1714 et
741 1649 799 1714 deo
815 1648 991 1716 amabilibus
1007 1654 1091 1732 siris,
1106 1656 1227 1721 domino
1241 1662 1375 1730 Jncobo
1390 1664 1490 1729 abbate

291 1764 415 1845 totoque
424 1756 580 1823 Conuentu
593 1755 729 1821 eiusdem
742 1758 856 1822 ordinis
869 1759 1043 1826 llounsterii
1051 1762 1170 1831 Sancte
1179 1766 1296 1835 Orsen
1309 1770 1355 1836 de
1365 1775 1490 1840 Austris

291 1867 461 1937 exaltare,
479 1884 581 1929 coram
604 1864 690 1928 nobis
708 1866 911 1949 personaliter
926 1870 1099 1945 constituti,
1126 1874 1309 1941 antedictus
1334 1882 1490 1958 Andreas,

292 1974 536 2043 filiusJobonm’o
548 1976 596 2037 est
607 1972 768 2039 confessus
781 1980 812 2041 et
822 1978 925 2042 retulit
937 1976 1101 2054 niustreco,
1114 1983 1193 2067 quod
1203 1986 1490 2069 Dominicssmin

291 2084 383 2152 Petri
408 2082 461 2147 tilii
487 2081 577 2147 lincis
593 2080 632 2147 de
647 2080 823 2157 disabled,
851 2104 943 2149 socer
959 2088 1025 2151 eius
1048 2107 1114 2153 cum
1139 2090 1258 2157 domina
1274 2094 1489 2186 Morporctla

289 2196 430 2259 consorte
446 2210 500 2255 sua
515 2190 625 2255 dudum
641 2190 679 2256 ob
695 2191 861 2257 remedium
873 2192 980 2260 salutis
997 2197 1162 2264 animarum
1178 2220 1304 2268 suarum
1320 2211 1359 2271 et
1373 2228 1489 2273 suorum

291 2303 518 2387 progenitorum
541 2300 735 2365 medietatem
761 2303 881 2386 prefate
902 2308 1109 2388 possessionis
1134 2310 1301 2378 Maobknd
1324 2316 1490 2384 contulerit

288 2415 321 2474 et
338 2406 497 2475 donauerit
515 2428 583 2474 cum
599 2410 662 2474 suis
680 2410 859 2477 utilitatibus
870 2411 1054 2497 quibuslibet
1069 2414 1151 2481 dicto
1167 2416 1359 2487 blonasterio
1375 2426 1490 2493 Sancte

291 2518 398 2584 emon
413 2516 635 2601 possidendam.
668 2518 813 2583 Preterea
834 2526 1016 2586 memoratus
1029 2524 1177 2592 Andreas
1192 2524 1280 2592 aliam
1295 2532 1490 2600 medietatem

291 2624 428 2689 eiusdem
450 2626 654 2709 possessionis
674 2626 836 2694 Mocblcad
854 2634 964 2696 vocate
983 2650 1040 2716 per
1066 2633 1205 2709 eosdem,
1226 2657 1374 2704 socerum
1407 2665 1489 2709 sunm

291 2742 323 2799 ot
350 2754 471 2801 socrum
499 2732 651 2799 donatam
680 2734 738 2799 sibi
761 2741 794 2800 et
815 2736 947 2821 legatam
971 2739 1061 2805 modo
1084 2744 1235 2808 consimili
1257 2744 1298 2811 ob
1320 2754 1490 2817 remedium

290 2844 388 2907 anime
404 2842 511 2908 salutis
523 2862 578 2908 sue
593 2846 727 2928 proprie,
743 2843 1251 2918 acdomineBenedicteconsortis
1266 2874 1336 2931 sue,
1351 2878 1417 2925 nec
1433 2882 1488 2925 noa

287 2952 516 3038 progenitorum
532 2971 653 3017 suorum
671 2951 809 3018 similiter
825 2974 893 3019 cum
909 2956 1087 3023 utilitatibus
1103 2961 1269 3036 ruinersis,
1294 2984 1490 3057 quocumque

289 3063 407 3126 nomine
427 3064 629 3135 censeantur,
653 3062 772 3126 scilicet
791 3064 973 3146 piscaturis,
1005 3069 1098 3133 terris
1123 3068 1287 3137 arabilibus
1317 3096 1355 3141 ac
1388 3080 1489 3145 teneto

287 3171 398 3235 dictam
414 3172 639 3254 possessionem
661 3168 905 3253 contingentibus
933 3177 966 3236 et
987 3174 1209 3242 nichillomiuus
1224 3185 1366 3265 acceptis
1384 3187 1489 3271 viginti

287 3278 409 3343 talentis
434 3278 626 3344 denariorum
649 3278 777 3343 latorum
792 3280 999 3346 viennensium
1020 3304 1037 3347 a
1058 3284 1205 3351 iratribus
1225 3288 1398 3359 Hertlroae
1419 3315 1488 3381 pro·

288 3394 429 3452 curatore
445 3387 485 3452 de
501 3384 583 3452 dicto
597 3386 712 3475 predio
727 3408 811 3454 nosco
827 3390 941 3454 domini
955 3390 1041 3474 regis
1057 3398 1089 3458 et
1106 3392 1275 3463 Cbonrado
1289 3402 1373 3467 iuxta
1391 3402 1487 3470 heum

288 3494 406 3560 Ferten
432 3494 686 3560 commorantibus
710 3493 814 3570 dedit,
845 3496 970 3562 tradidit
997 3504 1029 3563 et
1051 3503 1179 3567 contulit
1201 3506 1337 3584 eisdem,
1366 3512 1487 3578 domina

289 3600 392 3667 abbati
408 3606 440 3667 et
464 3604 626 3670 conuentui
639 3601 723 3693 ‚dicti
738 3602 917 3670 Monasterii
940 3616 1053 3674 sonem
1067 3613 1174 3678 macto
1188 3620 1343 3699 perpetuo
1360 3627 1395 3685 et
1409 3623 1485 3687 irre·

286 3710 466 3777 uocabiliter
481 3711 713 3798 possidendam,
735 3712 897 3777 tenendam
921 3720 953 3779 et
967 3717 1152 3793 habendam.
1174 3722 1287 3788 nullum
1310 3726 1375 3792 sibi
1397 3730 1485 3795 insin

286 3818 391 3886 eadem
408 3822 603 3887 reseruando.
634 3818 699 3903 Que
721 3820 844 3904 quidem
865 3822 1022 3906 possessio
1038 3827 1158 3895 adiacet
1172 3830 1252 3896 inter
1267 3839 1485 3918 possessiones

284 3928 435 3995 ladislai
454 3930 509 3995 filii
524 3932 635 4012 neom,
666 3929 791 3994 Tbnled
804 3935 909 3996 vocate
934 3953 952 3996 a
972 3932 1061 4018 plaga
1085 3938 1231 4015 orientis,
1258 3962 1276 4006 a
1299 3953 1483 4029 pertenere

285 4036 492 4111 meridionali.
515 4038 696 4105 occidentali
723 4045 755 4103 et
782 4040 931 4124 aquilonis
956 4041 1036 4106 iuter
1063 4048 1278 4128 possessiones
1307 4058 1482 4123 eorumdem

286 4142 413 4208 fratrum
434 4144 472 4209 de
493 4166 574 4213 nossa
587 4146 704 4235 predio
725 4146 906 4231 Potlofolcou
929 4157 1045 4215 vocate.
1090 4152 1230 4222 Ceterum
1255 4173 1482 4248 assumpserunt

284 4249 377 4334 ijdem
394 4251 522 4327 fratres,
545 4254 643 4341 quod,
667 4252 693 4317 si
715 4254 746 4317 in
762 4255 906 4320 districtu
922 4260 1080 4327 comitatus
1095 4264 1313 4334 nonnemo
1329 4271 1413 4338 infra
1429 4274 1479 4339 duo

285 4360 336 4425 uel
347 4360 405 4425 tria
417 4360 543 4427 miliaria
553 4361 652 4427 diuina
660 4361 824 4427 vocacione
833 4364 932 4447 ipsum
943 4367 1189 4438 Andrenmmori
1200 4376 1383 4460 contigerit,
1400 4379 1481 4447 iuuus

284 4466 420 4535 eiusdem
437 4491 532 4558 usque
547 4472 584 4536 ad
607 4470 719 4536 dictum
737 4470 952 4539 monasterium
972 4489 1083 4546 sancte
1104 4483 1209 4550 arnob
1230 4484 1350 4551 deierri
1374 4490 1479 4557 facient

285 4584 317 4643 et
333 4579 459 4665 sepeliri
475 4600 542 4645 cum
558 4579 682 4645 honore.
718 4577 893 4646 Addicimus
908 4582 1024 4659 eciam.
1047 4589 1128 4672 quod
1143 4590 1253 4658 nobilis
1270 4594 1318 4659 rir
1338 4601 1480 4683 magister
