3059 5067
1205 332 1276 405 101

64 506 136 571 das
151 510 179 573 si
195 510 226 571 in
243 509 298 575 mit
311 509 340 573 ir
355 510 457 574 selbes
473 514 548 593 guet
564 506 601 572 da
617 507 703 571 selbe
719 506 865 572 bestattet
880 505 1005 571 babent.
1038 506 1103 571 Vnd
1124 505 1179 570 dar
1195 506 1281 570 rmbe

62 615 141 699 geb
166 617 224 680 nir
245 617 276 680 in
296 615 383 681 disen
406 616 489 699 priet
508 635 544 679 se
567 615 656 679 einen
684 614 836 697 sicbtigen
858 614 916 678 rud
938 634 1039 678 waren
1056 612 1193 679 vrchund
1209 634 1281 679 rer-

61 723 173 807 sigelt
190 724 243 788 mit
258 743 379 789 ruserm
390 724 513 807 insigel.
539 724 651 787 llieser
666 724 750 805 prief
761 724 803 788 ist
818 724 962 809 gegeben
977 743 1014 787 ze
1025 723 1142 795 111111,
1159 722 1198 787 de
1213 741 1282 785 man

62 831 138 895 zclt
155 852 213 896 ron
231 831 367 897 Christcs
382 841 494 916 gepurt
506 832 716 897 Dreutzechen
732 831 863 897 brndert
877 832 924 895 lar
940 832 993 897 dar
1009 832 1114 895 nabin
1131 832 1199 895 dem
1216 831 1282 897 sier

63 940 136 1005 vnd
154 940 411 1005 swaincicbistem
427 942 484 1015 lar,
509 960 545 1005 an
562 941 630 1005 dem
647 942 776 1005 uahsteu
793 941 908 1023 Sontag
929 960 983 1005 ror
999 940 1202 1025 plremostern
1217 944 1279 1019 lag.

151 1062 272 1135 original
284 1063 332 1119 nui
341 1064 510 1134 Pergamont,
523 1064 619 1119 desscn
632 1062 688 1119 rier
701 1063 793 1133 Siegel
808 1063 904 1120 toblen.

601 1244 755 1324 XCVIII.

63 1387 153 1460 1³24,
175 1388 217 1450 14.
237 1388 301 1448 111.
314 1420 351 1431 -
366 1388 584 1461 Zenonissbrief
596 1389 645 1445 dor
664 1390 859 1465 Domcapitcts
879 1406 936 1446 cors
952 1390 1034 1447 itant
1050 1391 1083 1446 in
1101 1390 1215 1463 Betrcff
1227 1389 1281 1445 der

210 1479 449 1549 Beritsribcrycbc
463 1480 510 1536 des
526 1479 613 1536 (11111
626 1481 699 1535 Potb
712 1499 751 1537 nn
763 1481 812 1537 dic
823 1481 907 1538 Abtei
918 1482 1149 1552 discesserimus.

169 1599 339 1685 Capitulum
362 1600 566 1666 Jcnrinerrsis
588 1600 722 1665 ecclesie
746 1600 885 1665 omnibus
908 1602 1015 1665 christi
1038 1601 1180 1666 lidelibus
1207 1617 1280 1683 pre-

65 1712 182 1773 sentes
205 1708 323 1772 litteras
347 1708 531 1791 inspecturis
555 1707 683 1772 sulutem
709 1708 737 1770 in
761 1708 880 1773 domino
897 1708 1121 1792 sempiternam.
1154 1706 1280 1771 1111-

67 1836 237 1881 nersorum
261 1817 402 1881 noticiam
425 1816 530 1881 barum
551 1818 632 1880 serie
655 1816 793 1882 uolumus
815 1819 995 1901 peruenire,
1019 1818 1116 1904 quod,
1140 1836 1207 1881 cum
1223 1836 1279 1880 nos

65 1926 109 1991 ad
124 1929 290 1991 instantem
305 1927 487 2011 peticionem
501 1927 620 1991 comitis
633 1926 792 2011 semones.
808 1927 965 1991 castellani
982 1925 1021 1991 de
1035 1928 1131 1993 Oscor
1146 1930 1179 1991 ct
1194 1924 1279 1991 rice-

67 2036 197 2101 comitis
213 2036 437 2107 Musuniensis
460 2054 515 2117 per
531 2032 649 2099 litteras
666 2054 736 2099 suas
752 2035 841 2100 nobis
858 2037 977 2106 1111111,
999 2035 1165 2099 discretum
1182 2035 1279 2099 virum

66 2144 255 2227 magistrum
271 2144 440 2210 Nicolaum
462 2148 615 2207 cantorem
631 2144 763 2209 ecclesie
781 2149 900 2214 nostre,
927 2144 1047 2209 socium
1068 2152 1278 2209 111111111-

68 2254 184 2318 nicum
199 2259 340 2317 11111111
358 2250 568 2323 karissimum,
590 2270 692 2315 coram
708 2269 768 2336 quo
785 2251 854 2335 ipse
870 2270 971 2316 comes
983 2250 1102 2336 Syrnos
1113 2256 1144 2315 et
1154 2249 1278 2315 ronan-

70 2384 133 2427 111
157 2360 239 2425 tilius
261 2360 424 2430 Valentini.
448 2359 537 2424 bomo
560 2357 806 2424 excellentissimi
830 2360 942 2425 domini
967 2360 1062 2424 nostri
1079 2360 1201 2433 Koroti,
1228 2358 1279 2423 dei

69 2470 181 2553 gracia
196 2468 322 2532 illustris
339 2468 433 2550 Regis
449 2469 625 2555 Horrpcric,
643 2468 865 2533 renmbularent
880 2469 1038 2552 quamdam
1055 2468 1278 2552 possessionem

74 2576 174 2643 marte
189 2576 394 2641 Monccorum
417 2595 471 2637 scu
497 2573 631 2658 Grangie
654 2576 720 2639 siue
744 2578 822 2639 noui
842 2576 942 2660 predii
963 2576 1066 2641 Pootb
1090 2578 1227 2639 uocatam
1248 2578 1281 2638 et

72 2684 269 2768 assignarent
281 2705 316 2749 ac
328 2687 496 2747 statuerent
509 2684 591 2749 dicte
605 2682 695 2749 curie
707 2682 923 2749 reambulatam
936 2705 991 2769 per
1004 2692 1126 2748 ueteres
1142 2690 1238 2747 metas
1249 2688 1282 2746 et

71 2794 378 2877 antiquasperpetuo
395 2790 627 2875 possidendam,
657 2812 712 2875 pro
729 2792 901 2869 testimonio
917 2791 1107 2859 duxissemus
1122 2792 1279 2855 transmit-

70 2901 218 2974 tendum,
241 2900 359 2965 demum
389 2900 489 2964 dictus
518 2899 662 2983 magister
683 2900 838 2965 Nicotaus
862 2906 967 2965 cantor
991 2900 1029 2965 ad
1056 2920 1110 2965 nos
1133 2917 1278 2963 reuersus
1375 2894 1381 2905 '

71 3011 166 3075 nobis
182 3011 301 3082 retulit,
330 3009 409 3094 quod
426 3008 499 3073 dicti
516 3027 620 3074 comes
635 3008 754 3094 spmon
771 3014 803 3073 et
817 3009 992 3081 Jobncnes,
1009 3008 1090 3072 tilius
1110 3008 1276 3080 Valentini.

70 3121 166 3185 bomo
189 3118 346 3182 memorati
368 3118 481 3181 domini
503 3120 599 3182 nostri
621 3118 732 3200 Regis,
761 3118 937 3183 accedendo
964 3118 1002 3181 ad
1025 3117 1134 3182 taciem
1160 3116 1280 3200 pretate

72 3227 281 3313 possessionis
297 3226 399 3291 Pootb
423 3228 611 3309 nuncupate,
636 3225 811 3291 conuocatis
832 3226 940 3291 vicinis
963 3230 994 3288 et
1010 3224 1227 3289 commetaneis
1242 3242 1280 3289 ac

74 3334 231 3401 nobilibus
246 3334 346 3398 Cestri
361 3334 585 3406 Musunicnsr’ss,
604 3353 660 3398 nec
677 3353 736 3397 non
753 3332 980 3419 quampluribus
997 3330 1149 3397 nobilibus
1166 3337 1197 3396 et
1212 3330 1279 3394 aliis

72 3444 172 3510 libere
189 3442 377 3508 condicionis
393 3440 576 3515 bominibus,
594 3442 632 3505 de
650 3441 936 3507 circumiacentibus
952 3439 1033 3505 villis
1049 3440 1190 3504 similiter
1205 3439 1280 3503 inibi

73 3554 209 3627 uocatis,
234 3552 272 3615 de
298 3550 453 3634 prouincia
471 3550 671 3615 Musunicnsi
686 3550 868 3614 antedictam
890 3549 1117 3633 possessionem
1140 3546 1280 3611 1111111-

73 3665 195 3727 lassent
221 3664 252 3723 et
274 3660 485 3741 assignassent
513 3678 548 3722 ac
573 3659 752 3723 statuissent
775 3658 858 3721 dicte
882 3657 973 3744 ijsrie
997 3656 1190 3720 blonacorum
1213 3656 1280 3718 iure

74 3773 225 3855 perpetuo
250 3772 282 3831 et
303 3766 550 3855 irreuocebiliter¹
565 3764 776 3848 possidendam
800 3766 882 3829 nullo
905 3767 1025 3851 penitus
1056 3762 1280 3828 contradictore

74 3878 238 3943 existente.
263 3874 402 3939 Predicta
419 3893 491 3938 uero
508 3876 664 3957 possessio
680 3874 717 3937 sb
735 3874 853 3939 oriente
870 3879 901 3939 et
917 3872 954 3937 ab
970 3872 1111 3958 aquilone
1133 3870 1282 3937 vicinatur

74 3984 263 4073 possessioni
274 3982 378 4046 Beliud
395 3988 502 4046 uocate
519 4002 535 4045 a
552 3980 678 4045 meridie
693 3988 792 4046 sutem
809 3983 995 4066 possessioni
1003 3980 1188 4047 Macbakod
1201 4000 1279 4043 nun-

74 4099 208 4178 cupate,
238 4097 269 4156 et
294 4090 435 4156 similiter
461 4089 499 4153 ab
527 4091 687 4156 occidente
707 4092 897 4175 protenditur
921 4092 959 4157 ad
988 4091 1110 4154 fluuium
1138 4088 1280 4154 Fertbcn

74 4201 321 4267 distinctionibus
333 4207 477 4266 metarum
490 4204 624 4267 veterum
634 4205 664 4263 et
680 4200 878 4286 antiquarum,
895 4197 1003 4284 quibus
1016 4198 1095 4263 diota
1107 4197 1279 4280 possessito

75 4310 222 4393 distingui
247 4310 414 4375 dinoscitur
430 4308 468 4373 ab
484 4311 617 4393 antiquo.
642 4309 673 4371 ln
694 4308 781 4373 cuius
798 4310 844 4371 rei
861 4308 1036 4372 memoriam
1053 4310 1084 4370 et
1100 4312 1279 4389 perpetuam

75 4419 249 4484 firmitatem
261 4423 423 4503 presentes
437 4417 643 4483 concessimus
656 4418 776 4481 litteras
789 4415 884 4499 sigilli
898 4419 993 4481 nostri
1005 4415 1168 4478 munimine
1185 4414 1280 4478 robo-

73 4535 165 4593 ratas.
178 4527 286 4593 Datum
294 4526 508 4593 teri-aseconda
516 4527 648 4610 proxima
656 4529 853 4609 postoctsuas
861 4524 1051 4590 lnuencicnis
1061 4526 1165 4588 sancte
1173 4522 1280 4588 Crucis
