3059 5067
1201 356 1248 429 21

42 516 198 691 {ruderi
211 520 267 588 lar.
285 522 318 588 ln
333 522 401 589 dem
416 522 566 591 Seebsten
581 526 647 593 lero
663 529 788 603 darnah,
810 548 849 592 an
864 548 956 597 rnser
970 551 1090 597 vrowen
1109 544 1182 618 tage
1197 532 1254 597 der

79 628 266 697 iebtmesse.

134 771 255 845 Original
267 775 315 831 ant
323 776 479 847 Pergament
490 779 538 833 mit
552 776 652 849 Siegol.

596 978 722 1057 XXIV.

49 1120 148 1193 1³⁰8,
167 1118 362 1195 blletambm
378 1120 528 1181 tmdsbnt
542 1155 574 1163 —
589 1124 726 1199 Stepbcn,
740 1123 902 1198 Psolzprof
910 1124 955 1179 bei
965 1124 1059 1180 ltbein
1068 1125 1130 1181 aad
1139 1126 1253 1199 Herzog

49 1230 117 1268 von
123 1214 246 1276 Belem,
258 1209 368 1285 befieblt
376 1213 473 1270 arinen
487 1214 772 1272 Moutbeinnelsmem
782 1234 818 1271 aa
828 1214 1016 1285 corybantes
1025 1216 1085 1271 ond
1092 1214 1254 1289 Sctdrdinp

48 1302 105 1361 dte
126 1304 212 1360 Abtei
230 1304 448 1375 Heila'gcnkreuas
470 1306 503 1361 in
531 1305 583 1361 der
609 1323 665 1362 oon
689 1307 796 1363 ceineas
817 1304 977 1377 Versabms
998 1306 1048 1361 iar
1074 1306 1254 1365 satiatem

134 1395 357 1467 Mouttfreiteit
366 1395 420 1469 sats·
433 1397 478 1452 eiu
490 1396 659 1453 bestimmtoa
673 1396 821 1467 Quantam
832 1395 905 1452 cass
919 1396 998 1453 oiclst
1008 1414 1048 1452 m
1059 1395 1181 1453 batnon.

154 1508 339 1595 Stephanus
355 1507 404 1572 dei
419 1508 521 1591 gracia
544 1507 694 1573 Palatinus
716 1508 826 1574 (tornes
841 1511 924 1575 limi
939 1510 1004 1573 Dux
1019 1510 1168 1575 Bassaris
1182 1510 1250 1575 llu-

53 1618 150 1683 tariis
179 1618 241 1682 suis
262 1617 293 1679 in
315 1617 542 1683 Purebbaosen
563 1623 595 1681 et
620 1618 821 1706 Sebasrdinp
846 1618 980 1701 graciam
1003 1638 1087 1681 snam
1108 1625 1140 1684 et
1165 1638 1253 1683 omno

53 1726 186 1793 bonum.
210 1726 263 1789 Pio
278 1726 415 1790 fauentes
432 1725 542 1791 effectu
559 1726 757 1809 peticionibus
769 1726 980 1792 venerabilium
997 1726 1114 1791 abbatis
1130 1732 1161 1792 et
1173 1726 1253 1793 Con·

55 1844 174 1902 uentus
200 1841 310 1901 suamc
337 1834 447 1901 &eois
467 1834 498 1898 in
519 1836 642 1901 austrie
665 1835 788 1900 Ordinis
815 1835 1035 1921 cysterciensis
1051 1838 1254 1903 Putoaicnaia

57 1944 216 2032 Dyocesis
238 1944 355 2008 eisdem
375 1942 553 2008 indulsimus
575 1944 614 2007 de
637 1950 738 2008 nostre
753 1944 944 2009 liberalitatis
960 1945 1062 2027 gracie
1079 1944 1204 2028 speciali
1220 1950 1253 2009 et

57 2052 245 2139 specialiter
271 2050 310 2117 ob
334 2050 482 2116 karissimi
506 2052 601 2137 patris
625 2052 719 2117 nostri
743 2053 812 2117 diue
828 2053 973 2117 memorie
989 2070 1025 2117 oe
1041 2053 1164 2117 aliorum
1180 2073 1252 2137 pro·

56 2162 238 2247 genitorum
249 2167 419 2226 nostrorum
430 2162 594 2225 remedium
606 2161 781 2235 etsalutem,
792 2160 873 2246 quod
889 2160 948 2225 duo
963 2162 1075 2226 talenta
1091 2163 1163 2226 salis
1176 2165 1253 2227 mai·

58 2272 128 2337 oris
140 2270 302 2353 ligaminis,
322 2290 408 2356 quam
422 2270 553 2353 graciam
569 2271 690 2335 altatae
702 2276 804 2334 nostro
816 2269 973 2333 karissimo
984 2275 1055 2333 sunt
1066 2270 1124 2333 iam
1137 2270 1252 2354 pridem

59 2384 210 2454 assecuti,
227 2380 354 2460 singulis
370 2379 453 2443 annis
467 2378 561 2445 semel
577 2380 620 2443 eis
636 2380 764 2444 transire
780 2378 908 2443 debeant
922 2379 990 2442 sino
1004 2385 1093 2443 muta.
1111 2378 1253 2444 Volumus

59 2489 160 2573 igitur
177 2494 208 2553 et
223 2488 348 2552 tirmiter
363 2507 398 2552 so
415 2488 551 2552 districte
565 2490 755 2561 mandamus,
772 2492 918 2573 quatenus
933 2486 1103 2552 buiusmodi
1118 2488 1252 2572 graciam

58 2598 202 2683 prelatis,
218 2597 318 2662 abbati
333 2602 364 2660 et
376 2594 542 2662 conventui
553 2618 589 2663 ao
601 2597 782 2662 monasterio
796 2616 851 2660 suo
866 2601 928 2659 tam
944 2616 999 2679 per
1010 2616 1076 2671 nos,
1093 2589 1180 2682 quain
1195 2616 1252 2682 per

59 2706 234 2791 predictum
256 2712 372 2789 patrem
388 2710 521 2769 nostrum
537 2705 606 2771 olim
628 2706 735 2771 tactam
753 2703 869 2769 eisdem
885 2704 1023 2769 debeatis
1039 2706 1155 2792 absque
1171 2707 1252 2769 omni

61 2817 223 2881 exactione
238 2814 381 2888 thelonei,
404 2814 470 2878 siue
486 2820 575 2888 mute,
599 2836 652 2879 ser
670 2814 807 2900 quolibet
821 2814 880 2878 alio
897 2812 1077 2879 detrimento
1093 2813 1253 2879 inuiolabi-

61 2924 134 2989 liter
149 2930 181 2988 et
196 2930 342 3010 perpetuo
360 2942 552 2989 conseruare.
585 2923 647 3008 lpsi
663 2924 753 2987 etiam
768 2922 909 3008 prelibati
926 2920 1018 3002 abbas
1033 2928 1064 2988 et
1080 2921 1253 2987 conuentus

62 3032 150 3099 uobis
164 3034 367 3117 promiserunt
377 3031 501 3096 tirmiter
513 3037 546 3095 st
557 3032 687 3103 sincere,
701 3031 780 3115 quod
795 3032 824 3094 in
836 3049 1054 3113 reconpensam
1064 3029 1134 3095 talis
1146 3031 1253 3113 gracie

64 3143 122 3206 sabi
139 3142 221 3207 tecte
236 3142 469 3207 anniuersarium
485 3140 612 3225 predicti
627 3138 721 3223 patris
737 3140 834 3203 nostri
850 3139 919 3205 diue
934 3138 1169 3213 recordacionis,
1185 3159 1252 3205 cunr

63 3260 168 3317 nostra
192 3258 224 3315 ot
247 3249 472 3335 progenitorum
495 3254 663 3313 nostrorum
684 3248 970 3313 commemoraoione
992 3248 1121 3331 speciali
1143 3248 1253 3313 deuote

63 3361 150 3426 annis
168 3358 295 3444 singulis
311 3356 517 3424 celebrabunt.
556 3356 587 3420 ln
612 3374 736 3442 quorum
761 3360 890 3421 omnium
914 3356 1038 3421 euidens
1053 3357 1253 3422 testimonium

64 3476 156 3557 atque
177 3472 271 3535 robur
290 3488 419 3553 presens
434 3468 662 3532 instrumentum
684 3466 730 3531 eis
746 3464 884 3531 dedimus
906 3467 999 3530 nostri
1014 3466 1133 3531 mmoms
1157 3466 1252 3549 sigilli

61 3579 177 3645 robore
193 3577 411 3643 communitum.
436 3577 543 3641 Datum
565 3576 642 3658 apud
657 3575 853 3640 bantsbutam
868 3594 945 3641 anno
961 3574 1074 3640 domini
1091 3574 1250 3640 ltlillesimo

64 3684 165 3754 (300⁸.
183 3692 281 3752 sexto.
305 3687 337 3750 ln
352 3686 404 3750 die
420 3684 498 3750 beati
514 3684 638 3769 Nycolai
655 3682 807 3768 Fpiscopi.

139 3830 397 3905 Original-Urlrunde
410 3830 457 3885 mit
469 3833 552 3885 etwas
565 3828 761 3901 bescbddigtem
775 3829 874 3899 Siegel.
932 3818 938 3831 ⁸

604 3994 715 4073 XXV.

65 4124 142 4196 lbbl,
165 4123 205 4182 ld.
218 4122 285 4195 lat,
301 4120 385 4183 vltra
399 4152 431 4163 -
444 4122 523 4177 uros
540 4120 687 4192 tmpore,
706 4122 802 4176 Herm
815 4116 936 4175 Kourod
947 4117 996 4175 des
1010 4117 1252 4189 Bargemiatm

2 4249 3 4255 κ
67 4234 120 4273 eon
135 4216 217 4272 Wiers
233 4214 346 4279 Witsoe,
364 4213 456 4287 stillet
471 4214 524 4286 fsto
540 4212 637 4270 diesen
650 4212 710 4269 aad
727 4210 788 4267 oieb
805 4210 889 4267 selbst
905 4210 989 4267 maen
1003 4209 1127 4280 dabrtop
1147 4208 1181 4265 iu
1200 4205 1252 4264 der

500 4305 584 4361 Abtei
595 4303 820 4376 Hetligmltreuz.

2 4501 3 4511 ἵ
153 4418 206 4484 lolr
221 4418 359 4507 lrmport
375 4417 429 4482 des
447 4414 598 4485 Odenrots
613 4415 804 4489 bousurowe
821 4414 875 4479 der
892 4412 998 4478 weilen
1013 4412 1251 4497 purgermaister

69 4548 128 4593 was
151 4550 188 4593 ze
210 4529 314 4594 wienc
335 4528 366 4591 in
393 4526 447 4591 der
463 4526 545 4602 Stat,
574 4525 632 4591 und
649 4526 729 4593 Hice
752 4527 811 4592 der
831 4525 921 4589 Pelle
940 4522 1048 4609 vergib
1070 4544 1106 4587 an
1136 4521 1250 4586 diesem
