3059 5067
770 640 922 722 CCle
1060 702 1065 711 .

259 784 341 857 ltus,
366 783 405 843 ld.
418 782 581 856 Memor,
603 782 677 843 lon.
697 815 733 825 -
751 784 841 858 Popst
857 784 952 840 Urbun
971 786 999 840 V.
1013 785 1143 855 bcrttltr'pt
1156 784 1208 839 dcr
1219 786 1303 841 Abtei
1314 786 1460 855 neeges-

332 876 420 934 mess
431 879 472 933 iss
484 876 675 946 emm
687 876 744 933 olle
755 877 818 932 ihre
829 876 941 941 Recito,
954 877 1115 934 Flsilciten
1127 876 1186 933 ost
1199 878 1390 948 Prioilepr'esr.

350 1006 492 1072 Urbanus
518 1009 679 1090 episcopus
707 1026 815 1069 seruus
847 1026 1000 1069 seruorum
1029 1006 1089 1070 dei.
1136 1006 1266 1070 [illectis
1294 1004 1399 1070 tiliis.
1436 1057 1443 1069 .

258 1114 366 1180 Abbati
393 1121 426 1179 et
445 1112 612 1179 conuentui
636 1114 811 1178 bloussterii
835 1121 948 1180 sande
971 1116 1082 1181 Crucis
1103 1112 1320 1179 cisterciensis
1345 1114 1461 1179 ordinis

256 1223 460 1289 Patooiensis
487 1224 619 1287 diocesis
648 1222 781 1287 Salutem
804 1228 836 1286 et
858 1224 1052 1308 apostolicam
1076 1222 1332 1287 benedictionem.
1375 1222 1462 1285 Solet

257 1353 388 1399 annuere
412 1332 503 1397 sedes
526 1331 692 1416 apostolice
719 1333 779 1416 piis
803 1333 881 1397 uotis
910 1340 941 1397 et
964 1334 1100 1397 honestis
1122 1333 1292 1417 petentium
1315 1328 1462 1416 precibus

256 1444 389 1508 fauorem
404 1441 582 1507 beneuolum
598 1441 754 1524 impertiri.
781 1440 952 1525 Eapropter
968 1442 1072 1506 dilecti
1088 1443 1118 1505 in
1135 1442 1254 1505 domiuo
1274 1441 1329 1505 filii
1348 1442 1463 1505 uestris

256 1553 345 1618 iustis
376 1551 627 1638 postulationibus
657 1558 743 1635 grsto
767 1559 984 1617 concurrentes
1007 1571 1135 1616 assensu
1158 1572 1261 1615 omnes
1286 1552 1460 1624 libertates,

256 1663 457 1727 immunitates
474 1684 490 1725 u
507 1660 776 1747 predecessoribus
798 1663 910 1726 nostris
926 1661 1066 1727 llomauis
1084 1660 1295 1734 Pontificibus,
1318 1663 1390 1725 siue
1407 1681 1462 1744 per

257 1771 418 1858 priuilegia
437 1770 485 1835 uel
502 1768 576 1833 elias
592 1770 793 1852 indulgentias
811 1771 897 1835 uobis
915 1777 945 1835 et
960 1770 1142 1835 ldonasterio
1160 1778 1262 1834 uestro
1282 1790 1462 1839 concessas.

256 1900 389 1947 necnon
410 1878 567 1944 libertates
589 1883 619 1943 et
640 1879 847 1963 exemptiones
869 1879 1050 1944 secularium
1072 1884 1260 1945 exactionum
1278 1901 1296 1943 s
1313 1880 1463 1963 Regibus,

257 1988 448 2073 Principibus
474 1988 522 2052 uel
552 1986 618 2051 aliis
643 1985 757 2051 Christi
786 1988 925 2052 fidelibus
946 1988 1168 2053 rationabiliter
1196 1988 1283 2052 uobis
1314 1994 1347 2052 et
1379 1988 1460 2053 dicto

256 2096 442 2162 ldouasterio
459 2094 608 2169 indultas,
631 2096 710 2161 sicut
731 2117 767 2160 ea
784 2096 861 2161 iuste
878 2102 908 2160 et
924 2096 1051 2179 pacifice
1067 2096 1226 2169 obtinetis,
1253 2096 1342 2161 uobis
1360 2104 1394 2161 et
1410 2118 1463 2181 per

256 2226 312 2271 uos
328 2206 426 2271 eidem
437 2204 622 2269 ltonsslerio
640 2208 818 2270 auctoritate
834 2205 1011 2290 apostolicis
1028 2205 1238 2269 confirmemus
1256 2212 1288 2269 et
1305 2206 1462 2291 presentis

256 2315 363 2400 scripti
387 2313 555 2399 patrocinio
578 2314 802 2378 commuuimus.
843 2313 922 2378 Nulli
945 2334 1019 2398 ergo
1043 2314 1163 2378 omniuo
1178 2315 1335 2378 hominum
1353 2315 1456 2385 liceat.

255 2425 332 2490 benc
349 2424 487 2509 paginam
510 2430 613 2487 nostre
636 2422 870 2488 confirmationis
894 2424 1062 2509 intringere
1085 2424 1132 2489 uel
1151 2426 1179 2489 ei
1199 2444 1274 2488 cusu
1290 2422 1459 2489 temerario

254 2534 416 2599 contraire.
443 2532 477 2595 Si
493 2532 562 2617 quis
580 2539 678 2596 autem
696 2531 754 2596 boc
771 2536 950 2617 attemptare
966 2534 1198 2618 presumpserit,
1215 2533 1458 2617 indignationem

256 2640 467 2725 omnipotentis
495 2640 544 2705 dei
573 2647 604 2704 et
630 2640 787 2706 beatorum
810 2641 892 2707 Petri
925 2649 957 2705 et
979 2641 1062 2706 Pauli
1090 2640 1299 2726 apostolorum
1330 2643 1400 2706 eius
1425 2661 1458 2703 se

255 2752 372 2817 nouerit
401 2752 601 2815 incursurum.
649 2751 756 2815 Datum
781 2752 878 2817 Rome
906 2750 982 2835 apud
1013 2748 1155 2815 Sanctum
1184 2752 1327 2829 Petrum,
1356 2748 1459 2815 Idibus

255 2858 444 2937 Decembris,
461 2860 657 2926 Pontificatus
673 2862 768 2928 nostri
785 2881 862 2925 anuo
880 2862 1027 2946 Septimo.

328 3001 447 3075 original
461 3002 510 3059 aut
520 3002 679 3075 Pergament
691 3002 738 3060 mit
749 3002 888 3059 bleibulle.

764 3218 934 3302 cebxfl.

254 3362 338 3437 1800,
360 3363 404 3424 80.
418 3363 504 3437 lprll.
521 3395 558 3406 -
578 3366 650 3420 dous
667 3363 720 3419 der
737 3364 835 3420 Velber
850 3368 961 3436 cntsopt
977 3381 1064 3435 peperi
1081 3366 1144 3421 eine
1156 3364 1291 3437 muno
1306 3363 1365 3422 coss
1387 3366 1459 3422 ests

253 3456 352 3531 esna
367 3454 511 3528 Piorum
532 3454 609 3511 olleo
629 3456 727 3511 scinco
748 3456 935 3529 Ansprrtcbes
956 3457 1016 3529 osef
1033 3457 1095 3512 eires
1113 3456 1211 3513 Maste
1233 3474 1272 3513 ss
1293 3458 1402 3514 Bcdcn
1422 3474 1458 3513 ss

590 3544 720 3601 musea
732 3545 784 3601 der
796 3546 878 3603 Abtei
891 3544 1120 3616 Heilipculrrecs.

344 3674 394 3739 lcb
418 3673 499 3739 Jons
526 3672 582 3737 der
605 3674 712 3739 selber
726 3675 853 3757 vergicb
875 3674 1035 3740 ollenleicb
1059 3694 1096 3737 su
1113 3674 1180 3739 dem
1198 3674 1283 3757 prist
1286 3720 1295 3745 ,
1325 3673 1386 3739 das
1408 3676 1459 3741 iet

255 3782 332 3847 alter
348 3784 421 3848 sacb
437 3780 498 3845 rud
515 3781 685 3866 snsprtlcb‚
702 3782 753 3847 die
770 3783 820 3846 ich
835 3783 949 3865 gebabt
964 3784 1022 3847 ban
1041 3782 1120 3848 binta
1137 3780 1195 3846 den
1213 3780 1326 3846 erberu
1344 3790 1455 3867 gepst·

252 3892 371 3957 leicbeu
393 3894 503 3957 berreu
518 3911 576 3955 ron
598 3890 666 3956 dem
682 3891 831 3979 Hcilipec
849 3892 982 3957 Gbscutc
997 3890 1064 3955 rmb
1081 3890 1140 3957 deu
1157 3888 1219 3953 llot
1231 3888 1291 3953 und
1308 3891 1382 3955 rmb
1401 3892 1459 3957 der

253 4002 315 4066 littl
331 4022 367 4066 nu
382 4002 504 4076 Puden,
522 4002 570 4066 die
587 4002 666 4067 mein
683 4001 862 4085 leibgediug
879 4022 1022 4084 genesen
1039 4000 1137 4065 scholi
1153 4001 1235 4072 sein,
1260 4002 1316 4064 mit
1330 4010 1459 4085 gustem

251 4110 352 4175 willen
378 4129 539 4194 gegsngen
567 4111 617 4193 piu
632 4110 740 4177 binder
762 4109 822 4175 deu
839 4110 947 4175 esbern
971 4128 1057 4183 man,
1080 4107 1154 4172 beru
1184 4109 1364 4175 Christano
1393 4111 1456 4175 den

258 4219 506 4285 reclamatus
522 4218 579 4282 rud
597 4218 706 4283 binder
720 4220 843 4286 Jauscn
859 4220 889 4283 in
906 4218 974 4284 dem
997 4218 1143 4286 Wincbcl
1157 4237 1214 4283 von
1231 4218 1361 4291 Pedere,
1392 4240 1459 4284 vm

255 4332 294 4395 de
310 4325 478 4412 sprecben,
503 4327 559 4391 den
582 4327 654 4391 wolt
668 4328 719 4392 icb
742 4329 817 4393 alles
833 4334 893 4395 stet
909 4328 1019 4393 baben.
1055 4329 1101 4392 De
1117 4327 1231 4392 hebent
1246 4330 1458 4412 gesprocbeu,

255 4436 311 4501 dus
328 4436 386 4499 mir
401 4433 439 4499 de
462 4436 570 4499 berreu
594 4455 652 4498 rou
674 4436 744 4501 dem
761 4437 910 4525 bepliperr
929 4437 1064 4503 Cbreutz
1080 4434 1221 4500 sebolteu
1236 4436 1338 4519 geben
1354 4438 1456 4503 seben

254 4546 350 4631 pbuut
364 4545 520 4630 pbeuning
536 4545 671 4611 wienner
687 4555 810 4619 munst,
828 4544 883 4610 das
900 4542 1012 4610 babent
1028 4566 1062 4609 se
1078 4548 1186 4627 gelen.
1209 4544 1271 4609 vnd
1287 4544 1390 4611 scbolt
1405 4548 1455 4613 iob
