3059 5067
1204 334 1280 403 ³27

78 507 259 591 probibieio
283 507 373 572 modo
397 506 557 591 prehabito
580 514 745 591 propterea
769 508 849 571 iacta
878 506 1003 579 inisset,
1033 502 1101 590 quia
1130 505 1286 590 predictus

80 616 263 703 Greporius
282 634 338 699 per
359 616 456 699 ipsam
478 614 753 681 reambulaoionsm
777 619 809 679 et
822 616 969 679 metarum
988 615 1173 677 erectionem
1190 615 1285 699 ipsius

77 724 292 806 possessionis
314 724 439 789 Wcliud
460 730 569 788 uocate
595 742 735 803 magnam
764 722 944 807 particulam
967 730 1051 785 terre
1080 722 1118 785 de
1145 721 1284 807 predicto

76 832 174 897 Nouo
181 831 313 917 predio,
328 850 383 895 seu
395 832 434 895 de
446 831 644 914 possessione
659 831 757 914 ipsius
770 830 882 895 domini
894 828 1018 893 bibatis
1036 835 1068 893 et
1080 848 1135 893 sue
1150 830 1283 895 ecclesie

76 940 271 1022 Malao
301 945 409 1003 uocate
437 940 476 1004 od
504 938 634 1003 eandem
663 940 887 1023 possessionem
921 937 1046 1005 Weliud
1074 957 1225 1023 occupare
1256 943 1287 1003 et

74 1046 244 1129 applicare
259 1046 425 1120 uoluisset,
448 1066 578 1131 cumque
596 1046 643 1110 bis
660 1047 816 1130 perceptis
832 1044 989 1129 predictus
1006 1052 1185 1129 procurator
1202 1048 1286 1131 ipsa·

74 1176 145 1219 rum
163 1155 304 1238 porcium
322 1158 351 1219 in
368 1174 417 1227 eo,
439 1162 537 1220 ntrum
560 1157 627 1240 ipse
650 1160 753 1239 partes
776 1157 804 1219 in
829 1157 909 1219 tacto
931 1154 1133 1237 predictarum
1158 1174 1283 1237 posses-

72 1264 201 1327 sionum
217 1281 323 1327 earnm
340 1264 439 1347 aliqua
455 1262 575 1330 metilia
592 1264 792 1327 monumento
809 1261 974 1334 baberent,
992 1282 1030 1325 an
1046 1282 1119 1325 uero
1137 1264 1283 1345 legitime,

74 1378 110 1435 nt
131 1376 245 1435 nostm
266 1370 413 1435 incumbit
431 1371 550 1441 officio,
575 1371 739 1455 requisitos
765 1370 994 1441 habuissemus,
1023 1369 1103 1433 idem
1130 1372 1284 1437 Nicolaum

72 1485 264 1563 procurator
278 1479 375 1562 ipsius
392 1480 542 1567 Grcperii
558 1480 671 1545 actoris
688 1479 787 1543 eidem
802 1479 956 1565 Graporio
972 1477 1139 1562 predictam
1156 1498 1282 1561 passes-

71 1590 201 1653 sionem
214 1588 340 1654 Wcliud
346 1588 418 1669 jure
430 1587 615 1651 hereditario
627 1588 791 1670 pertinere,
804 1585 944 1671 nullaque
957 1588 1151 1651 instrumenta
1162 1588 1283 1651 metalla

72 1698 182 1780 ipsum
192 1698 225 1760 in
237 1696 462 1762 luctaciusdsm
471 1696 677 1779 possessionis
686 1696 800 1761 babere
811 1694 957 1777 allegaret
969 1695 1180 1767 etaffirmarat,
1191 1717 1284 1761 anno-

72 1811 161 1869 totos
179 1825 255 1869 nero
271 1809 451 1888 procurator
472 1805 570 1886 ipsius
587 1804 700 1869 domini
718 1803 847 1867 Abbatis
864 1803 994 1868 eundem
1011 1803 1162 1869 dominum
1178 1804 1282 1869 Abba-

71 1921 141 1977 tem
166 1914 200 1976 in
228 1914 310 1977 lacto
335 1912 468 1995 predicti
489 1912 576 1978 Noui
596 1912 724 1999 predii,
751 1932 806 1976 seu
828 1913 1033 1995 possessionis
1054 1910 1283 1979 Monaolorum

69 2023 168 2087 wie
185 2028 294 2084 uocate
310 2020 482 2103 predictum
495 2020 646 2083 dominum
657 2019 805 2085 Abbatem
822 2019 941 2083 metalia
959 2022 1156 2085 instrumenta
1169 2020 1283 2086 habere

70 2132 219 2195 reterens
244 2127 389 2212 quasdam
417 2127 535 2191 litteras
565 2128 709 2215 Capituli
733 2128 941 2193 Juariacnais
968 2127 1177 2211 priuilegiales
1207 2130 1282 2195 feria

72 2238 218 2305 secunda
234 2238 368 2321 proxima
384 2244 455 2321 post
470 2241 594 2301 octenas
613 2237 686 2301 festi
702 2237 892 2302 iuuencionis
909 2240 1015 2301 sancte
1033 2235 1140 2301 Crucis
1157 2238 1188 2300 in
1204 2260 1282 2303 anno

71 2349 194 2413 demini
210 2345 370 2409 blillesimo
387 2342 496 2407 GCC¹⁰
515 2344 663 2429 trigesimo
680 2351 787 2428 quarto
806 2350 958 2409 emanatas
976 2344 1063 2408 nobis
1078 2351 1281 2430 presentarat,

70 2456 105 2519 in
122 2456 238 2539 quibus
250 2473 397 2536 expresse
409 2472 664 2537 conspexeramus
676 2453 794 2527 haberi,
811 2451 891 2539 quod
907 2473 975 2519 oum
992 2454 1103 2518 dictum
1114 2452 1281 2537 Capitulum

72 2564 113 2625 sd
132 2563 319 2646 peticionem
343 2561 462 2625 comitis
478 2561 636 2635 Simonis,
660 2560 819 2625 castellani
842 2563 880 2627 de
900 2562 1016 2635 Oroar,
1041 2583 1171 2627 necnon
1197 2566 1282 2629 uice-

73 2672 201 2735 comitis
218 2670 428 2737 tllosoaicusis
444 2690 500 2753 per
522 2671 638 2735 litteras
656 2690 728 2737 suas
751 2671 809 2755 ipsi
829 2671 964 2755 Capitulo
985 2673 1092 2744 factas,
1116 2672 1281 2737 discretum

73 2781 175 2844 uirum
193 2780 370 2861 magistrum
386 2778 565 2851 Nicolaum,
583 2778 760 2843 canonicum
777 2779 909 2843 ecclesie
926 2780 1061 2863 ipsorum
1078 2780 1230 2845 seniorem
1250 2789 1280 2845 et

73 2890 319 2955 concanonicum
346 2904 466 2961 eorum,
494 2906 596 2953 coram
618 2908 678 2971 quo
701 2890 768 2972 ipse
790 2908 894 2954 comes
917 2889 1027 2955 Simon
1050 2894 1080 2952 et
1105 2888 1281 2965 dodonaeo,

73 2998 159 3061 lilius
187 2996 360 3073 Valentini,
390 2995 527 3058 homines
555 2994 802 3061 excellentissimi
825 2996 946 3062 Domini
970 2998 1099 3068 Karali,
1129 2998 1276 3081 quondam

72 3107 163 3189 regis
179 3105 365 3191 Huapmio,
388 3104 610 3168 reambularent
635 3103 784 3187 quondam
807 3105 1035 3187 possessionem
1053 3106 1148 3171 Cario
1163 3106 1278 3172 Mona·

73 3216 222 3285 odorum
238 3232 294 3277 seu
308 3214 455 3295 grangia,
473 3212 553 3298 quod
568 3214 694 3280 Nouum
705 3213 857 3300 predium
874 3219 1076 3295 nuncupatur,
1098 3216 1280 3298 Tunal'alua

74 3330 206 3388 uocatur
217 3328 249 3385 et
258 3324 455 3404 assignarent
466 3322 549 3387 dicte
561 3321 654 3385 Curie
670 3341 706 3385 ac
722 3328 891 3385 statuerent
907 3327 1053 3405 perpetuo
1066 3322 1279 3406 possidendam

74 3453 134 3515 pro
152 3430 325 3496 testimonio
343 3430 479 3493 duxisset
494 3430 696 3513 dirigendum,
714 3430 832 3495 demum
850 3429 949 3493 dictus
967 3430 1110 3511 magister
1125 3432 1278 3500 Nicolaum

74 3541 244 3604 eanonicus
267 3538 304 3600 ed
334 3536 430 3620 ipsum
449 3538 618 3621 Capitulum
641 3559 787 3603 reuersus
804 3539 861 3622 ipsi
877 3539 1052 3611 retulisset,
1077 3540 1155 3621 quod
1180 3541 1278 3605 dictus

74 3666 183 3713 comes
197 3646 310 3711 Simon
325 3651 358 3709 et
373 3645 454 3709 idem
470 3646 652 3720 Jobaanos,
679 3646 760 3711 tilius
780 3648 953 3719 Valentini,
970 3646 1105 3711 hominos
1122 3652 1279 3715 memorati

73 3755 192 3821 domiai
208 3753 319 3835 Regis,
347 3754 522 3819 accedendo
539 3755 577 3819 ad
598 3756 707 3819 faciem
723 3755 843 3838 prefate
859 3757 1074 3839 possessionis,
1096 3758 1277 3841 Tunafolua

73 3867 261 3947 nuncupate,
284 3863 391 3927 uicinis
407 3870 440 3925 et
455 3865 668 3928 commetaneis
685 3884 720 3927 ac
737 3863 887 3927 nobilibus
904 3864 1018 3936 Caetri,
1037 3884 1094 3927 nec
1111 3885 1168 3927 nan
1187 3887 1276 3950 quam

75 3969 216 4056 pluribus
238 3968 392 4035 nobilibus
414 3971 483 4035 aliis
506 3971 602 4036 libere
624 3972 812 4037 condicionis
836 3972 874 4035 de
891 3972 1177 4037 circumiacentibus
1195 3974 1276 4037 uillis

72 4079 152 4143 inibi
169 4080 346 4143 conuocatis
372 4080 412 4143 de
433 4081 588 4164 prouincia
603 4080 819 4153 Muouaicaai,
849 4098 950 4143 coram
979 4080 1045 4161 ipso
1069 4089 1139 4144 ante
1163 4082 1274 4148 dictam

73 4186 302 4271 possessionem
314 4186 552 4253 reambulassent
567 4196 599 4251 et
614 4189 823 4269 assignassent
838 4207 874 4251 ac
890 4190 1068 4253 statuissent
1085 4188 1167 4253 dicte
1182 4192 1277 4257 Ourie

73 4296 305 4363 Mesochorum
337 4301 485 4380 perpetuo
519 4295 750 4381 possidendum,
791 4295 871 4360 nullo
901 4296 1020 4379 penitus
1050 4297 1276 4363 contradictore

74 4410 254 4489 apparente.
287 4402 401 4469 Cursus
423 4410 522 4469 autem
539 4410 685 4467 metarum
702 4405 907 4487 possessionis
924 4405 1084 4487 sepedicta
1101 4407 1177 4469 talea
1194 4414 1274 4479 sunt,

75 4512 157 4598 quod
174 4513 270 4595 prima
295 4514 446 4597 inciperet
469 4520 546 4575 meta
569 4514 649 4575 iuxta
671 4514 897 4595 possessionem
915 4514 1124 4579 Zoraclrmaria
1141 4522 1276 4579 uocatam
