3059 5067
1188 394 1238 465 97

34 572 169 655 Regiae,
184 573 296 638 Blasio
312 572 457 653 magistro
475 590 638 653 agasonum
655 575 837 643 nostrorum,
859 571 1007 636 Do‘oniao'o
1021 571 1167 653 magistro
1184 569 1240 633 da·

33 682 208 765 pilerorum
233 685 403 745 nostrorum
426 686 456 743 ot
477 679 611 745 Nteoloo
634 676 751 742 Comite
772 680 979 751 Posooiensi,
1008 677 1136 762 aliisque
1152 698 1241 763 quam

34 789 180 873 pluribus
196 790 294 873 Ilegni
310 790 407 851 nostri
425 785 589 851 Comitatus
605 785 778 851 tenentibus
795 792 827 851 et
842 789 983 853 honores.

112 928 234 999 OrIginal
247 928 294 982 ant
304 928 461 999 Pergamsnt
472 928 519 983 mit
531 927 632 997 Siegel.

583 1107 706 1187 XCIII.

35 1252 122 1325 1³24,
140 1252 188 1311 2⁰.
200 1252 313 1311 Ibntlsr.
334 1282 371 1292 -
387 1251 610 1323 Zenonissbn'ef
623 1251 671 1307 des
688 1250 885 1325 Domoopr'tols
908 1268 963 1307 oon
979 1252 1062 1307 Roob
1082 1250 1115 1306 ia
1131 1251 1248 1324 Botreff

36 1344 90 1401 deo
110 1343 268 1417 Verlraafee
287 1341 364 1397 eines
376 1342 466 1416 Rosea
483 1360 520 1398 an
534 1342 632 1398 Saeuo
648 1359 703 1398 von
716 1340 796 1399 Soio
815 1340 976 1398 Heinriola's
992 1342 1043 1397 des
1054 1340 1190 1397 Hioalor’r
1203 1359 1242 1397 aa

137 1433 213 1498 Otto,
226 1431 338 1489 Martio
350 1432 412 1488 and
423 1432 539 1489 sosoma
552 1432 598 1487 alie
609 1431 705 1488 solare
717 1432 847 1489 Ertbul’r
861 1447 914 1488 oon
930 1430 1157 1505 Gottbuapramar.

135 1562 306 1649 Capitulum
321 1562 525 1628 laurinensis
549 1560 682 1625 ecclesie
706 1560 852 1627 OmnIbus
874 1562 982 1627 ebriati
1004 1560 1148 1627 fidelibus
1171 1582 1243 1644 pre-

38 1676 151 1737 sentes
163 1670 280 1735 litteras
295 1670 482 1753 inspeoturis
498 1668 624 1734 salutem
637 1669 665 1732 in
679 1668 799 1733 domino
811 1669 1036 1752 sempiternam.
1060 1671 1105 1735 Aa
1121 1672 1244 1736 rniuer·

36 1798 147 1845 sorum
171 1778 310 1843 notieiam
332 1778 436 1842 Irarum
459 1779 541 1842 serlo
564 1776 697 1841 uolumus
719 1777 896 1861 peruenire,
929 1777 1008 1860 quod
1035 1780 1163 1846 disereti
1187 1779 1246 1844 riri

35 1888 182 1970 magistri
192 1887 345 1953 Illa'oolous
358 1891 462 1950 nautor
476 1884 609 1950 eoeleste
622 1890 725 1949 nostre
738 1890 770 1949 et
780 1886 899 1951 Saulus
912 1886 988 1950 sooii
1006 1891 1037 1950 et
1048 1887 1244 1952 oonoanonioi

37 1982 147 2059 nostri
173 1992 323 2059 karIssimi
352 2014 453 2058 noram
481 1992 568 2059 nobis
595 1992 799 2076 personaliter
825 1994 980 2059 constituti
1004 2000 1074 2060 sunt
1100 1995 1245 2071 confessi,

37 2102 138 2188 qnod,
153 2121 220 2166 oum
232 2101 290 2185 ipsi
303 2100 420 2185 pridem
433 2101 463 2165 in
474 2101 562 2165 laetis
575 2106 607 2165 et
618 2100 752 2165 seruitiis
764 2101 883 2183 prefate
895 2101 1030 2166 ecclesio
1040 2103 1246 2169 ,laurinensis

37 2208 82 2275 ad
113 2215 219 2293 partes
246 2210 421 2293 superiores
447 2209 673 2286 accessissent,
708 2229 810 2273 eoram
837 2209 914 2292 ipsis
938 2218 969 2273 et
996 2229 1098 2274 eoram
1126 2210 1247 2275 domino

41 2317 198 2390 outone,
214 2318 329 2383 decano
340 2323 372 2381 ot
385 2315 514 2401 plebano
526 2316 565 2381 de
577 2318 715 2391 Prulrko,
732 2316 871 2381 similiter
886 2317 970 2381 sooio
983 2319 1249 2404 oonoanoniooque

38 2430 153 2491 nostro
170 2424 344 2499 karissimo,
361 2426 516 2491 Her'rioros
531 2424 629 2489 dietus
641 2425 776 2498 Ha'mler,
793 2423 903 2489 nobilis
918 2424 957 2488 de
968 2427 1088 2491 Hoeler
1101 2446 1249 2510 persona·

38 2531 118 2597 liter
135 2532 316 2597 constitutus
329 2532 487 2597 consessus
499 2533 649 2597 extitisset
662 2539 693 2596 et
706 2534 773 2596 rina
785 2552 861 2597 rore
874 2533 1038 2606 retulisset,
1056 2534 1135 2619 quod
1149 2554 1247 2619 quon·

41 2642 116 2707 (lam
134 2640 247 2705 auriam
276 2660 359 2705 suam
381 2641 468 2705 simul
495 2660 562 2705 oum
586 2639 714 2705 editoris
738 2662 793 2704 seu
810 2640 932 2704 tundam
949 2662 1035 2705 sunm
1050 2642 1248 2708 sessionalem

41 2750 78 2815 in
94 2747 168 2815 villa
183 2748 290 2815 Sason
306 2748 507 2820 existentem,
534 2748 604 2812 olim
626 2768 643 2811 a
666 2748 829 2833 peregrino
845 2749 926 2814 aliato
941 2748 1148 2839 Stroepbynp
1162 2770 1249 2836 emp·

41 2858 144 2921 tionis
166 2856 262 2942 tytulo
286 2862 504 2940 comparatam,
530 2876 597 2921 oum
621 2854 758 2921 omnibus
782 2855 961 2921 utilitatibus
984 2858 1048 2922 anis
1078 2859 1114 2922 ad
1138 2859 1249 2923 dietam

42 2964 164 3029 curiam
182 2983 236 3027 seu
252 2962 377 3029 tunulum
393 2962 626 3046 pertinentibus,
652 2962 795 3028 videlieet
810 2964 917 3029 Terris
934 2964 1110 3043 arabilibus,
1126 2969 1250 3039 tenetis,

41 3071 153 3158 praua,
170 3072 292 3156 pascuis
308 3090 343 3135 ae
358 3068 425 3135 aliis
441 3070 590 3144 omnibus,
607 3071 639 3135 in
653 3071 893 3159 quibusoumque
908 3073 1051 3138 rtIIItates
1067 3074 1151 3139 diote
1165 3075 1250 3139 ourie

44 3178 231 3252 eonsistnnt,
254 3178 303 3243 uel
325 3198 513 3264 quocumque
529 3178 648 3243 nomine
675 3185 873 3255 censeantur,
901 3182 1036 3247 Ottlsoni
1054 3182 1195 3248 Monino
1217 3188 1250 3246 et

42 3288 197 3356 labeoni
217 3284 287 3351 filiis
307 3288 406 3353 Ertol
425 3284 464 3351 de
487 3286 706 3374 Gortlosproo
730 3307 786 3372 pro
809 3295 929 3354 neutum
954 3295 984 3354 et
1008 3290 1115 3353 (lenem
1136 3290 1248 3353 mareis

43 3396 179 3463 latorum
195 3394 385 3459 denariorum
408 3395 662 3480 Wyonneosium
680 3394 787 3459 deoom
803 3398 908 3481 pensis
925 3417 979 3481 pro
996 3396 1132 3482 qualibet
1146 3416 1246 3462 maroa

47 3504 258 3587 computatis,
285 3502 472 3569 vendidisset
492 3509 639 3588 perpetuo
664 3511 696 3569 et
717 3504 962 3571 irreaoeabiliter
983 3525 1040 3589 per
1062 3505 1194 3571 heredes
1220 3510 1252 3570 et

43 3610 195 3679 heredum
212 3630 409 3677 successores
431 3609 662 3695 possidendam,
686 3610 856 3695 prodictam
877 3614 1036 3695 pecuniam
1059 3632 1094 3677 se
1115 3612 1252 3697 plenarie

47 3719 214 3803 recepisse
243 3717 382 3788 referens
406 3717 444 3783 ab
466 3718 599 3791 eisdem,
628 3718 679 3784 tall
707 3718 901 3803 obligationis
925 3719 1044 3785 uinculo
1074 3720 1191 3785 inserto
1219 3726 1253 3785 et

46 3834 217 3912 assumpto,
229 3828 321 3912 quod,
332 3828 513 3911 quicumque
525 3828 624 3892 (llutos
636 3826 812 3899 otthonum,
828 3828 1004 3893 Martiarum
1017 3833 1049 3891 et
1060 3827 1250 3899 ortanam,

45 3936 132 4003 lilios
149 3936 243 4009 ettad,
259 3940 290 4001 et
304 3934 435 4000 boreales
452 3955 554 4001 eorum
571 3956 664 4019 super
678 3936 796 4019 prelata
816 3935 901 4002 ouria
915 3956 970 4001 seu
987 3936 1079 4000 londo
1094 3936 1249 4001 suoeossi·

47 4063 158 4112 norum
169 4051 338 4129 temporum
350 4042 519 4108 mutacione
532 4047 711 4126 attemptare
722 4062 778 4107 sen
789 4043 939 4127 impetere
951 4040 1091 4117 voluerit,
1105 4063 1253 4109 memora·

46 4160 98 4221 tua
109 4153 271 4221 amaus
280 4150 376 4229 dietus
388 4151 512 4217 Himler
525 4156 556 4215 et
570 4150 700 4215 heredes
713 4150 760 4215 sui
773 4152 895 4215 eosdem
908 4151 1053 4236 expedire
1070 4151 1253 4217 tenebuntur

47 4261 186 4349 propriis
207 4258 362 4325 laboribus
386 4264 418 4323 et
439 4260 590 4344 expensis.
627 4262 769 4324 Preterea
785 4260 984 4342 prenominati
1007 4260 1118 4323 fratres
1145 4259 1253 4332 nostri,

46 4370 196 4439 videlieet
204 4367 315 4434 Cantor
323 4374 354 4433 et
361 4367 479 4433 Saulus
490 4366 520 4431 id
534 4366 622 4433 etiam
636 4368 815 4441 retulerunt,
829 4368 921 4454 qnod,
931 4367 1087 4433 numidam
1098 4369 1254 4434 Herrs'ouo

46 4477 233 4545 antediotam
249 4476 363 4543 curiam
384 4496 468 4542 snam
488 4477 660 4541 memoratis
679 4476 828 4548 otthoni,
856 4476 1000 4544 Maltino
1016 4481 1047 4541 et
1061 4476 1208 4543 Jolsaani
1220 4478 1252 4540 in

45 4590 182 4676 Ipsorum
212 4586 374 4671 presencia
405 4584 620 4658 uendidisset,
659 4582 759 4649 nullus
791 4582 865 4648 inibi
895 4585 1016 4670 penitus
1047 4584 1254 4649 eontradtetor

85 4724 183 4771 Fontes.
197 4720 267 4768 lbtlr.
280 4720 306 4767 ll
318 4720 427 4766 Bbxvl.
1018 4691 1037 4745 7
