3059 5067
1173 397 1248 472 let

35 575 199 642 comercio
227 579 428 647 commutare,
457 573 622 660 nolensque
649 576 745 659 ipsam
781 575 942 640 ecclesiam
976 575 1112 656 gloriose
1140 573 1247 640 Crucis

32 685 177 757 christi,
207 686 237 748 in
262 705 320 770 quta
345 682 519 768 redemptor
540 685 642 749 mundi
658 703 714 769 pro
730 685 828 748 salute
844 683 970 766 generis
986 683 1106 748 humani
1123 682 1247 748 cottidie

30 814 101 878 per
117 793 333 878 religiosorum
349 798 382 858 et
402 794 581 858 deuotorurn
604 793 756 858 sacrificia
773 793 961 865 victimatur,
988 797 1021 858 et
1046 814 1103 858 sue
1127 793 1248 878 pietatis

28 902 246 967 clemenciam
262 923 320 985 pro
340 903 528 985 pecaminnm
550 901 728 987 populorum
752 903 838 966 venia
855 901 893 966 nd
909 902 1145 987 propiciacionis
1161 901 1248 966 beni·

27 1011 216 1075 uolenciam
233 1011 405 1095 placitatur,
422 1030 544 1075 suorum
560 1008 707 1074 bonorum
725 1010 870 1076 heredem
886 1009 1056 1096 preficere,
1085 1016 1118 1076 et
1133 1012 1248 1082 locare,

26 1127 70 1185 et
87 1123 162 1204 ipse
178 1120 270 1184 heres
286 1122 384 1183 eterni
405 1121 514 1204 premii
531 1118 715 1192 ediceretur,
731 1120 861 1206 Ipsaque
877 1120 1018 1204 preciosa
1035 1120 1114 1186 Crux
1130 1119 1249 1194 christi,

25 1232 144 1316 ipsura
174 1234 282 1294 eterne
308 1226 519 1294 retribucionis
544 1230 659 1314 premio
682 1228 864 1292 confoueret
888 1233 921 1292 ct
941 1227 1061 1296 soletur
1081 1230 1249 1318 predictam

25 1338 274 1424 possessionem
297 1355 380 1401 suern
402 1337 594 1424 Vogclndors
608 1342 640 1400 et
660 1338 836 1422 Potesdorf
851 1337 1036 1402 hereditario
1052 1340 1126 1404 dure
1148 1340 1246 1422 ipsum

21 1448 270 1529 contingentem
281 1444 338 1509 sub
350 1445 480 1532 antiquis
492 1446 555 1508 suis
568 1445 656 1509 metis
669 1452 701 1509 et
712 1447 907 1511 terminorum
918 1446 1170 1522 distinctionibus,
1182 1448 1250 1533 qui·

23 1557 95 1644 bns
114 1557 218 1640 ipsum
235 1551 446 1635 contingebat,
469 1555 527 1616 ianr
545 1553 626 1618 dicto
642 1554 725 1618 Juris
741 1554 925 1620 hereditario
943 1556 1028 1622 titulo
1045 1577 1099 1640 pro
1118 1557 1249 1621 remedio

20 1667 150 1729 saltatis
169 1666 267 1728 anime
283 1683 355 1735 sue,
379 1667 411 1726 nt
433 1664 562 1728 omnium
578 1663 746 1739 bonorum,
775 1685 834 1749 que
855 1665 886 1728 in
910 1666 975 1750 ipsa
992 1665 1123 1730 ccclesia
1138 1672 1251 1732 sancte

23 1776 177 1846 Crucis,
200 1772 305 1836 diuioe
327 1771 432 1858 pietati
456 1791 513 1855 per
537 1772 648 1834 tratres
671 1772 791 1838 assidue
817 1772 859 1838 ibi
881 1773 1053 1839 residentes
1068 1773 1248 1852 offeruntur,

20 1884 201 1968 particeps
219 1881 382 1952 elliciatnr,
407 1885 439 1942 et
453 1899 510 1962 per
525 1881 700 1944 eorumdem
717 1881 842 1946 fratrum
859 1882 967 1947 deuota
985 1881 1128 1964 suffragia
1145 1887 1250 1946 eterne

20 1989 244 2058 beatitudinis
261 1991 376 2072 premia
394 1999 616 2072 consequatur,
646 1990 747 2066 dedit,
771 1989 894 2054 donauit
909 1997 940 2056 et
956 1993 1083 2056 contulit
1099 1999 1248 2076 perpetuo

19 2099 262 2186 possidendam
283 2117 372 2160 omne
388 2096 445 2160 dus
468 2097 590 2160 dominii
607 2098 818 2182 proprietarii,
845 2098 926 2183 quod
950 2105 1076 2164 actenus
1097 2101 1248 2164 incudem

17 2207 243 2293 possessione
269 2203 450 2277 habuisset,
479 2205 510 2269 in
531 2207 627 2288 ipsam
649 2205 811 2270 ecclesiam
827 2207 948 2274 Sancte
965 2209 1074 2275 Crucis
1092 2213 1122 2270 ct
1138 2207 1248 2274 iratres

17 2320 58 2382 in
79 2315 201 2382 eadem
224 2313 398 2380 residentes
421 2313 547 2380 amodo
573 2312 605 2376 in
628 2321 783 2398 posterum
808 2335 882 2398 pure
907 2322 938 2379 et
954 2316 1133 2402 simpliciter
1150 2324 1250 2381 trans-

17 2425 184 2491 ferendo.
209 2421 272 2486 Nos
294 2424 396 2509 itaque
417 2429 476 2486 tam
498 2443 535 2485 en
557 2425 704 2508 premissa
721 2421 826 2506 Regali
844 2423 1027 2502 donacione,
1056 2444 1141 2508 quarn
1160 2426 1248 2490 etiam

19 2558 67 2600 cx
109 2533 216 2618 ipsius
247 2532 408 2620 Stephani
433 2537 600 2617 spontanea
634 2531 849 2614 resignacionc
878 2531 989 2596 dictam
1021 2534 1248 2616 possessionem

19 2645 272 2728 agnoscentes,
299 2640 380 2705 dicte
411 2641 543 2706 ecclesie
570 2639 690 2705 Sancte
706 2641 818 2707 Crucis
850 2642 928 2704 omni
957 2643 1087 2706 racionis
1119 2643 1251 2728 equitate

20 2755 161 2819 debere
179 2749 344 2834 pertinere,
360 2749 429 2834 quia
446 2756 477 2813 et
493 2751 559 2833 ipse
574 2749 776 2837 Stephanos,
801 2750 851 2832 qni
868 2748 995 2816 eandem
1012 2751 1249 2832 possessionem,

22 2862 168 2927 nomine
185 2860 232 2922 sui
248 2859 332 2923 duris
354 2857 532 2921 hereditarii
554 2857 592 2922 ab
609 2857 715 2921 eadem
732 2857 864 2922 ecclesia
888 2859 1046 2942 requirere
1063 2859 1249 2932 intendebat,

19 2992 120 3037 nunc
135 2991 154 3032 a
170 2967 259 3032 nobis
275 2967 397 3032 obtenta
414 2966 596 3030 reformandi
612 2965 746 3038 licentia,
765 2967 890 3030 eandem
907 2968 964 3049 ipsi
983 2967 1116 3034 ecclesie
1132 2967 1251 3036 Sancte

22 3079 159 3150 crucris
188 3080 220 3140 et
247 3075 393 3140 tratribus
420 3074 452 3139 in
468 3095 504 3138 ea
522 3073 625 3139 diuino
650 3074 756 3158 pietati
774 3073 986 3139 famulantibus
1002 3093 1057 3158 pro
1073 3076 1178 3140 salutis
1196 3097 1249 3139 sue

19 3187 184 3256 remedio
200 3205 277 3270 pure
292 3191 323 3248 ct
338 3182 530 3269 simpliciter,
547 3188 579 3247 nt
593 3183 775 3268 promititur,
792 3183 978 3264 resignabat,
995 3204 1050 3267 pro
1067 3205 1103 3248 eo
1120 3183 1247 3248 eandem

18 3295 273 3386 possessionem
300 3294 449 3376 premisse
463 3289 587 3375 Regalis
609 3291 784 3355 donacionis
809 3295 840 3354 et
862 3291 950 3356 etiarn
975 3297 1141 3376 spontanee
1169 3295 1248 3357 resi·

19 3403 207 3494 gnacionis
224 3405 255 3465 et
268 3400 445 3465 donacionis
461 3400 558 3465 titulis
578 3401 636 3464 iarn
658 3399 731 3464 dicti
746 3398 908 3486 Stephani
927 3400 1139 3484 requisicionis
1154 3402 1250 3486 ipsius

19 3511 253 3603 possessionis
275 3509 433 3593 sepedicte
457 3509 591 3573 ecclesie
606 3517 717 3575 sancte
734 3509 861 3582 Crucis,
885 3510 915 3572 in
937 3529 994 3594 qua
1019 3529 1091 3594 spes
1108 3511 1248 3574 consistit

20 3635 321 3704 transgressorum,
334 3637 402 3682 carm
415 3617 552 3681 omnibus
564 3617 627 3681 suis
638 3615 815 3680 utilitatibus
829 3621 859 3680 et
871 3617 1064 3703 pertinentiis
1078 3639 1112 3683 ac
1121 3615 1247 3682 Juribus

20 3742 57 3800 et
77 3727 296 3816 prouentibus
311 3727 489 3791 auctoritate
506 3731 607 3790 nostra
624 3724 849 3798 confirmamus,
878 3726 1083 3792 adiudicamns
1099 3731 1247 3811 perpetuo

18 3837 280 3929 possidendam,
308 3835 466 3900 tencndam
483 3843 514 3898 et
530 3832 713 3909 habendam,
731 3832 845 3919 absque
862 3833 1032 3919 preindicio
1048 3833 1130 3897 duris
1148 3833 1246 3896 alieni.

19 3954 57 4017 ln
74 3947 181 4014 cuius
194 3946 240 4010 rei
255 3947 426 4008 memoriam
437 3947 675 4028 perpetuamque
687 3939 857 4007 firmitatem
871 3951 1029 4028 presentes
1040 3941 1247 4006 concessimus

21 4062 166 4126 litteras
199 4053 428 4137 priuilegiales,
461 4053 604 4116 autentici
636 4051 799 4134 pendentis
831 4049 924 4134 sigilli
956 4051 1053 4118 nostri
1084 4049 1247 4114 munimine
1332 4071 1337 4079 ·

20 4170 215 4236 roboratas.
240 4163 348 4226 Datum
365 4164 394 4225 in
416 4161 593 4250 Visscgrod‚
610 4160 728 4225 decimo
746 4159 797 4223 die
813 4163 987 4224 octauarnm
1004 4161 1064 4225 diei
1081 4164 1247 4224 strenarum

22 4276 264 4365 predictarum.
289 4271 373 4333 huno
390 4270 511 4333 domini.
529 4269 585 4332 llo.
603 4266 704 4333 0000.
726 4269 958 4353 quadragesimo
975 4269 1088 4352 quinto.

108 4395 237 4467 original
251 4395 299 4450 aul
308 4395 467 4464 Pergameni
478 4393 526 4450 rnit
539 4393 623 4449 ciuem
637 4410 669 4447 an
685 4392 760 4447 einer
773 4391 866 4448 rothen
881 4391 1079 4448 Scidenscbnur
1092 4394 1248 4466 hingenden

22 4490 141 4564 Siegcl.

974 4699 1030 4754 13⁸
