3059 5067
763 611 949 691 CCdell.

272 734 576 809 Munium
592 736 819 810 —ItsrdulfIVs
834 724 1221 807 ampullae-retes
1235 735 1459 805 &mestitia

267 827 321 881 der
342 825 425 883 stret
440 826 659 899 tostum
675 826 723 883 dic
742 826 917 896 oollsttiscdig
936 826 1071 885 inscrirte
1093 824 1228 881 creusae
1245 825 1344 881 seim
1365 824 1458 879 Valere

532 917 582 974 der
592 919 719 991 Hessogs
730 917 862 974 Albrccbl
874 919 921 980 IL,
934 916 999 973 dds.
1018 916 1101 971 Wisu
1117 913 1212 972 1348.

360 1050 515 1133 lludotlbr
525 1048 657 1131 Qusrms
672 1048 729 1113 Dei
743 1052 841 1131 mbo
858 1047 1009 1115 drcbidux
1020 1048 1159 1120 Austris.
1174 1048 1286 1129 Seps-ie
1299 1056 1335 1113 ct
1344 1049 1461 1115 Keis-

268 1158 351 1229 ste,
368 1156 513 1223 Dominus
529 1159 692 1231 Cornicis.
719 1157 1172 1229 murmuraremus,
1194 1156 1308 1223 Comes
1331 1157 1373 1222 dc
1393 1158 1459 1223 Hu-

270 1266 464 1355 corbeny,
481 1265 638 1335 Pbirrctir
652 1271 685 1333 et
699 1266 865 1354 liubitsch,
882 1264 1017 1331 lllurcbio
1032 1266 1199 1355 dimegio.
1216 1284 1277 1330 uec
1293 1282 1356 1329 uon
1370 1265 1459 1329 latu·

270 1375 395 1458 grauius
407 1375 533 1441 Abucic
544 1374 689 1441 Omnibus
700 1376 731 1441 iu
742 1380 930 1461 perpetuum.
956 1374 991 1439 Si
1003 1373 1040 1439 ad
1056 1373 1123 1440 locu
1138 1372 1196 1439 deo
1210 1372 1314 1439 dicatu
1331 1372 1460 1457 benigue

271 1482 431 1567 dirigimus
446 1484 543 1549 aciem
554 1484 664 1551 mantia
675 1490 781 1551 nostre
793 1492 824 1549 et
837 1503 942 1551 eorum
958 1483 1091 1549 comodis
1103 1480 1286 1549 intendimus
1299 1482 1461 1566 diligente

271 1612 331 1659 uon
347 1597 459 1658 tantum
474 1599 580 1659 eteros
600 1591 812 1659 retribucionis
827 1594 950 1667 merite,
978 1591 1033 1659 scd
1053 1597 1084 1657 et
1105 1591 1200 1658 laudis
1224 1592 1375 1676 preconia
1391 1610 1460 1657 con-

272 1699 427 1786 sequimur
441 1701 625 1785 temporalis.
657 1700 817 1767 Vniuersis
831 1700 924 1785 igitir
939 1698 1132 1787 presentibus
1148 1718 1235 1785 quiam
1250 1698 1366 1763 tuturis
1383 1698 1463 1763 rolu-

271 1828 428 1875 muscose
454 1816 577 1883 uotum.
603 1810 667 1875 Nos
691 1810 884 1895 priuilegium
904 1808 1129 1877 honorabilibus
1150 1815 1182 1875 et
1201 1806 1371 1891 Religionis
1392 1808 1462 1871 riris

274 1917 463 1985 Cdolomcsro
484 1916 595 1983 Abbati
615 1925 647 1984 et
667 1917 837 1985 Conuentui
853 1918 1027 1985 blonasterii
1042 1918 1161 1985 Sancte
1178 1918 1311 1989 Crucis,
1339 1914 1462 1981 Ordinis

273 2026 505 2109 cysterciensis,
520 2027 745 2095 Putluuuicuois
757 2028 909 2113 dyocesis,
925 2033 1040 2113 epatre
1056 2046 1092 2095 as
1107 2026 1225 2093 dominu
1238 2032 1343 2092 nostro
1357 2027 1462 2091 Karis-

273 2135 349 2201 simo
363 2133 443 2203 boue
457 2136 684 2205 recordacionis
697 2136 841 2203 truditunr
856 2138 1024 2203 inseruisse
1039 2135 1232 2221 presentibus
1250 2156 1286 2200 ac
1303 2136 1464 2201 mannasse

274 2262 331 2328 per
358 2245 455 2309 omniu
475 2247 506 2309 in
527 2246 607 2311 buuc
628 2244 760 2312 modum.
799 2244 907 2334 (Folgt
929 2245 979 2311 die
1003 2264 1072 2331 pug.
1098 2245 1182 2317 206,
1207 2244 1260 2307 Νι.
1279 2242 1345 2309 CCI
1369 2242 1464 2325 abgc·

274 2350 399 2417 dntclte
422 2350 565 2418 Urtunde
587 2354 707 2435 Herzog
729 2344 904 2419 dldrcclrt‘o
926 2353 990 2426 11..
1017 2353 1086 2417 ddo.
1116 2351 1205 2417 Wicn
1229 2349 1350 2437 1348.)
1409 2350 1466 2417 tto

273 2460 366 2543 igitur
382 2461 447 2527 [lux
464 2464 620 2548 liudolfus
634 2464 771 2549 prefatus
787 2462 1015 2531 considerantes
1031 2462 1230 2536 honestatam,
1247 2462 1338 2525 uitem
1354 2466 1391 2525 et
1406 2460 1466 2527 lau·

273 2568 402 2635 debilem
432 2569 611 2655 religionem
634 2572 820 2639 Ololomcoi
844 2571 970 2638 dbbulis
999 2579 1030 2638 et
1058 2569 1232 2639 conuentus
1256 2568 1465 2657 predictorum

271 2679 368 2765 ipsius
382 2700 419 2744 ac
430 2680 606 2745 monasterii
621 2680 730 2747 intuitu
745 2680 961 2747 retribucionis
977 2685 1093 2753 eterne,
1109 2700 1168 2744 nec
1182 2698 1242 2745 nou
1257 2698 1315 2763 pro
1328 2676 1465 2743 remedia

272 2786 524 2872 predecessorum
538 2796 726 2864 noseorum,
753 2809 841 2876 quem
869 2789 965 2855 salute
990 2809 1110 2875 quoque
1132 2794 1236 2853 nostra
1258 2793 1291 2853 et
1317 2786 1466 2853 heredum

274 2902 445 2963 nostrorum
465 2909 625 2983 presentes
647 2900 852 2965 innouacionis
876 2919 930 2965 seu
955 2896 1179 2964 rctibabiciouis
1208 2898 1314 2963 literas
1345 2898 1468 2983 ὤμω

274 3003 410 3069 duximus
426 3007 648 3083 concedendas.
684 3006 767 3074 Nulli
789 3026 864 3091 ergo
887 3008 1004 3072 omuino
1020 3006 1171 3072 hominum
1187 3006 1279 3071 licem
1293 3004 1468 3071 huiusmodi

274 3114 477 3181 inuouscionis
492 3122 597 3181 nostre
611 3117 715 3181 literas
729 3116 910 3201 iufringere,
926 3116 975 3183 uel
991 3117 1020 3180 ei
1032 3134 1105 3181 ausu
1121 3115 1283 3183 temerario
1296 3115 1468 3203 contrrirc;

273 3221 356 3307 quod
383 3223 433 3308 qui
454 3224 581 3289 forsitan
602 3230 781 3312 attemptare
807 3224 1045 3310 presumpserit,
1072 3245 1107 3289 se
1123 3241 1248 3308 greum
1265 3230 1374 3287 nostre
1390 3221 1469 3289 iudi·

273 3331 433 3412 guaeiouis
449 3332 592 3399 oll'cusam
614 3340 647 3399 et
661 3332 700 3399 ud
722 3336 781 3401 boc
797 3340 916 3401 centum
932 3332 1026 3398 libras
1041 3334 1106 3397 curi
1121 3333 1240 3397 nouerit
1265 3332 1469 3404 incursum.

274 3458 398 3523 querum
414 3441 630 3527 quinquaginta
644 3442 740 3510 libres
756 3449 860 3508 nostre
876 3460 996 3507 camere
1012 3446 1043 3507 et
1057 3439 1271 3527 quinquaginta
1287 3436 1387 3505 libras
1402 3440 1470 3511 biis.

274 3549 326 3633 qui
341 3551 650 3632 uggmuutiesistuut.
667 3552 817 3634 assignari
829 3550 944 3618 debent
956 3558 988 3615 et
1002 3550 1113 3617 cedere
1124 3569 1179 3634 pro
1191 3547 1331 3614 emenda.
1358 3550 1470 3615 Testes

275 3660 365 3725 buius
380 3660 425 3723 rei
441 3671 512 3727 sunt
524 3661 696 3729 Reuerendi
711 3664 742 3727 in
757 3661 881 3727 Christo
896 3668 999 3748 putres
1015 3669 1048 3726 ot
1063 3660 1185 3745 domini,
1203 3659 1342 3725 domiuus
1365 3661 1470 3727 Ottol-

272 3773 326 3851 fus
341 3768 597 3856 drchiepiscopus
612 3771 877 3859 saltzburgensis,
899 3770 1065 3855 Apostolici
1081 3769 1163 3833 sedis
1178 3770 1333 3851 Legatus.
1350 3770 1471 3835 Poulus

275 3877 500 3965 Frisiogcusic,
515 3880 705 3965 Gotbfrs‘dus
716 3880 945 3947 Potlcuiansic
957 3878 1111 3965 Episcopi,
1122 3878 1284 3959 dolosum
1295 3878 1470 3962 Episcopus

277 3988 457 4057 Guroenois.
470 3994 574 4053 nostre
585 4008 706 4054 camere
718 3987 933 4062 concellarius,
949 3989 1132 4055 blidericrm
1145 3988 1332 4058 Clsimesrsis,
1353 3986 1471 4053 Vlrr‘ess

275 4095 494 4161 Scccouicaois
510 4099 662 4165 etPctrus
672 4100 867 4165 domminus
882 4098 1036 4184 Episcopi.
1061 4095 1189 4161 illustris
1206 4097 1353 4179 Princeps
1366 4096 1469 4161 diciss-

275 4204 407 4275 bcrdus,
420 4204 556 4271 llsrcbio
568 4209 892 4297 Brundeubarpmmis,
905 4208 1078 4293 Superioris
1090 4205 1232 4273 Bouario
1238 4204 1305 4269 Dux
1317 4211 1349 4269 et
1361 4202 1471 4270 Comes

280 4314 405 4383 Tmolus,
421 4314 555 4380 sororius
571 4321 675 4380 uoster
689 4315 886 4386 karissimus.
903 4320 974 4381 item
990 4315 1104 4380 nobiles
1121 4315 1178 4381 riri
1202 4314 1344 4380 auunculi
1375 4316 1470 4379 nostri

275 4422 378 4486 dilecti
396 4423 545 4489 ailbertus
565 4425 719 4491 Palatinus
736 4445 838 4491 comes
853 4426 1041 4498 Korintbie.
1062 4424 1269 4489 Motatorem
1285 4442 1391 4487 comes
1408 4426 1470 4489 Go-

279 4534 367 4605 ricic,
381 4533 571 4603 Bertlroldus
580 4555 682 4600 cornea
693 4534 981 4623 Meydeburgcosis,
1001 4534 1074 4601 Otto
1086 4551 1189 4599 conces
1201 4534 1240 4597 dc
1255 4532 1470 4603 crambem.
