3059 5067
263 374 337 446 122

257 548 386 613 eundem
402 552 614 615 monasterium
624 552 734 617 deuote
745 554 946 627 accesserint.
962 554 1055 619 autin
1069 553 1202 617 serotina
1215 554 1399 639 pulsaeione
1411 574 1462 618 se·

258 656 386 721 eundum
398 656 517 722 modum
527 660 611 724 curie
623 660 754 725 Romane
766 661 851 726 deris
863 661 993 744 genibus
1006 665 1054 725 ter
1065 680 1122 725 aue
1134 662 1228 726 maria
1241 662 1387 735 dixerint,
1405 660 1460 726 Vel

258 765 349 849 quiin
363 785 465 831 eorum
476 769 665 832 testamentis
678 774 728 833 aut
740 772 824 833 extra
836 789 949 842 eurum,
962 775 1131 853 argentum,
1143 770 1326 835 uestimenta
1340 774 1394 834 aut
1405 768 1460 833 eli-

258 893 314 958 qua
327 872 384 939 alia
397 873 552 939 caritatiua
565 874 699 939 subsidia
713 875 796 941 dicto
808 876 1003 954 munasterio,
1016 876 1195 942 donauerint
1206 877 1394 961 legaueriut,
1409 884 1459 941 aut

257 981 363 1047 donari
376 982 424 1049 uel
440 982 535 1065 legari
553 984 793 1068 procurauerint,
811 985 873 1051 Seu
887 985 940 1071 qui
957 986 1056 1051 missis
1072 984 1343 1068 predicationibus
1359 990 1458 1049 matu·

255 1090 326 1157 tiuis
343 1090 479 1177 uesperis
496 1090 642 1175 Religiosi
658 1091 716 1156 uiri
733 1090 846 1158 domini
870 1138 878 1155 .
906 1138 916 1157 .
937 1092 1057 1158 abbatie
1073 1092 1146 1158 dicti
1162 1094 1343 1159 monasterii
1358 1094 1457 1157 iuter-

256 1198 379 1273 fuerint,
396 1197 452 1263 Vel
468 1201 519 1285 qui
534 1220 590 1284 pro
607 1199 720 1265 salubri
732 1205 811 1266 statu
828 1200 932 1265 fratris
943 1200 1124 1273 Michaelis,
1139 1201 1279 1265 monaehi
1295 1201 1377 1267 dieti
1392 1218 1456 1264 me·

256 1306 381 1372 casterii
409 1307 497 1373 istius
523 1306 716 1390 indulgencie
743 1309 949 1395 impetratoris
972 1308 1044 1374 dum
1069 1307 1177 1375 uixerit
1197 1316 1229 1373 et
1255 1310 1361 1373 anima
1385 1308 1459 1381 ciue.

256 1432 323 1479 oum
352 1414 390 1479 ab
414 1414 470 1479 bae
494 1412 562 1479 lucc
584 1416 761 1498 migrauerit
786 1422 818 1481 et
840 1416 996 1483 animabus
1022 1417 1153 1482 omnium
1185 1414 1321 1483 bdelium
1345 1418 1457 1482 desun-

256 1528 371 1587 ctorum
387 1523 557 1589 oracionem
574 1524 753 1591 dominicam
769 1544 839 1591 cum
854 1525 1039 1591 salutacione
1054 1524 1191 1608 angelica
1214 1524 1264 1608 pia
1279 1531 1392 1590 mente
1414 1523 1457 1588 di·

256 1632 365 1704 uerint.
391 1632 689 1717 Quoeieuscumque,
706 1633 957 1719 quandocumque
978 1637 1010 1696 et
1024 1631 1206 1718 ubicumque
1225 1633 1383 1717 premissa
1408 1630 1456 1697 ael

255 1738 367 1824 aliquid
383 1742 600 1825 premissorum
615 1742 724 1807 deuote
736 1742 876 1819 iecerint,
893 1740 934 1807 de
950 1741 1159 1825 omnipotentis
1175 1740 1227 1805 dei
1243 1741 1456 1807 misericordia

255 1854 287 1913 ct
302 1848 457 1913 beatorum
472 1848 552 1932 petri
575 1853 606 1913 et
621 1848 702 1932 pauli
720 1848 922 1933 apostolorum
939 1850 1005 1913 cius
1022 1848 1203 1913 aunuente
1217 1848 1328 1914 confisi
1343 1848 1456 1932 singuli

255 1961 387 2021 nostrum
403 1956 602 2041 quadraginta
618 1956 685 2020 dies
705 1955 965 2040 indulgenciarum
986 1956 1025 2023 de
1046 1956 1190 2022 iniunctis
1206 1958 1253 2023 cis
1269 1957 1456 2042 penitenciis

255 2062 496 2129 misericorditer
511 2064 539 2128 iu
557 2062 676 2128 domino
692 2064 880 2138 relaxamus,
903 2064 1070 2131 Dummodo
1086 2064 1242 2131 diocesani
1257 2064 1402 2131 uoluntas
1416 2064 1454 2129 ad

253 2172 284 2236 ld
301 2172 467 2237 accesserit
482 2176 514 2237 et
529 2190 707 2237 cousensus.
731 2172 765 2237 ln
781 2176 868 2239 cuius
883 2176 931 2239 rei
942 2174 1146 2240 testimonium
1158 2179 1321 2259 presentes
1332 2174 1452 2239 litteras

252 2280 423 2362 sigillorum
439 2284 609 2345 nostrorum
625 2282 768 2347 iussimus
783 2282 970 2365 appensione
985 2284 1103 2349 muniri.
1127 2282 1235 2347 Datum
1247 2282 1452 2349 Aaiuioreil

253 2388 304 2453 dis
331 2388 443 2451 mensis
466 2387 586 2472 Aprilis.
623 2390 707 2456 Anno
731 2390 844 2455 domini
867 2390 922 2453 ΜΦ.
941 2389 1039 2457 0000.
1056 2390 1182 2459 xxvut
1205 2395 1237 2456 et
1258 2389 1454 2475 pontificatus

253 2496 363 2563 domini
380 2495 527 2561 lobannis
543 2516 619 2583 pape
635 2497 723 2563 llllll.
741 2519 818 2563 anno
836 2498 1028 2563 duodecimo.

325 2636 443 2709 original
456 2638 505 2693 aul
515 2639 673 2710 Pergament
685 2640 732 2695 mit
746 2640 823 2695 seclis
836 2638 953 2711 slepeln
968 2640 1022 2695 ricr
1035 2638 1134 2695 andere
1144 2638 1239 2695 ieblcn

769 2820 922 2900 Clllllll.

251 2958 334 3033 1³28,
356 2962 400 3022 bd.
413 2960 485 3036 lul,
506 2964 640 3037 dvlssllbn.
661 2996 696 3005 -
711 2964 801 3037 Papet
821 2966 937 3021 rolens
954 2964 1007 3018 der
1020 2962 1118 3017 mn
1138 2960 1271 3031 bertdtipt
1291 2960 1347 3016 der
1366 2962 1452 3018 Adici

252 3052 469 3123 Heilipcnlrrrua
479 3054 519 3109 im
532 3053 722 3126 Alipemcinen
740 3054 797 3109 olle
809 3072 865 3109 aon
877 3055 975 3109 eduen
990 3055 1175 3124 Vomdnpern
1186 3052 1341 3108 ertdeilteee
1351 3052 1450 3109 Privi-

797 3144 898 3215 lepicu.

340 3272 504 3338 Jobonnea
516 3275 679 3356 episeopus
691 3294 799 3337 seruus
811 3292 969 3338 seruorum
986 3272 1046 3337 dei.
1072 3272 1200 3337 Dilectie
1216 3269 1286 3337 liliis
1297 3319 1323 3335 ..
1337 3272 1450 3338 Abbati

253 3386 283 3443 et
299 3378 468 3443 Conuentui
486 3380 658 3444 llonastcrii
683 3382 721 3445 ole
737 3382 859 3446 Sancto
876 3384 977 3448 Cruce
996 3380 1211 3445 cisterciensis
1227 3380 1345 3445 ordinis
1360 3384 1453 3445 Pata-

252 3488 364 3551 uiensis
382 3487 513 3552 diocesis
526 3487 660 3551 Salutem
677 3496 708 3552 ct
726 3489 922 3574 apostolicam
939 3489 1190 3553 benedictionem.
1215 3488 1303 3552 Solet
1318 3507 1454 3554 annuere

251 3594 341 3659 sedes
359 3595 525 3680 apostoliea
550 3596 608 3679 piis
631 3598 710 3660 uotis
733 3604 764 3661 et
789 3598 925 3661 honestis
953 3598 1121 3682 petentium
1143 3596 1287 3681 precibus
1312 3598 1454 3663 fauorem

253 3702 431 3770 beneuolum
460 3706 619 3790 impertiri.
652 3704 822 3788 Eapropter
849 3703 953 3768 dilecti
970 3706 1000 3768 in
1023 3705 1142 3769 domino
1159 3702 1214 3768 blii
1230 3707 1345 3770 uestris
1363 3708 1452 3771 iustis

251 3812 503 3895 postulationibus
516 3820 602 3897 grato
617 3820 819 3877 coneurentes
832 3834 961 3877 assensu
973 3832 1079 3875 omnes
1094 3812 1252 3878 libertates
1268 3818 1301 3878 et
1312 3816 1454 3879 immuni-

251 3925 329 3985 tates
346 3942 362 3985 a
385 3921 663 3986 Predecessoribus
680 3922 792 3985 nostris
809 3921 952 3984 Romanis
969 3920 1175 3993 Pontificibus,
1197 3922 1264 3985 siue
1284 3942 1342 4006 per
1357 3924 1455 4007 priui-

251 4031 342 4111 legia,
372 4049 426 4093 scu
443 4030 516 4093 aliae
538 4028 739 4110 indulgentias
766 4029 851 4093 robis
874 4033 906 4093 et
930 4028 1114 4094 blonasterio
1137 4036 1241 4095 uesbo
1269 4049 1449 4103 concessas,

250 4158 306 4203 nee
324 4158 381 4201 uon
398 4138 552 4202 libertates
571 4143 601 4200 et
616 4141 823 4221 exemptiones
839 4136 1019 4201 secularium
1036 4140 1221 4202 exactionum
1237 4138 1410 4221 allegibus
1425 4148 1455 4203 et

250 4246 442 4329 Principibus
470 4265 506 4309 ac
537 4246 603 4308 aliis
627 4244 739 4309 Christi
766 4245 907 4309 fidelibus
929 4244 1150 4309 rationabiliter
1175 4246 1263 4311 uobis
1293 4254 1327 4311 et
1354 4249 1454 4314 eidem

250 4354 434 4418 llonasterio
458 4354 607 4424 indultas,
623 4355 702 4418 siout
715 4374 768 4417 eas
785 4355 862 4418 iuste
876 4360 906 4418 ct
922 4354 1051 4438 pacifice
1066 4353 1228 4427 obtinetis,
1245 4356 1333 4419 uobis
1350 4365 1384 4421 et
1398 4377 1453 4442 per

248 4482 303 4525 uos
320 4460 416 4525 eidem
434 4462 616 4525 llonasterlo
631 4462 810 4526 auctoritate
826 4462 993 4546 apostolica
1009 4460 1219 4528 confirmamus
1235 4468 1267 4527 et
1295 4469 1452 4548 presente

248 4570 352 4655 scripti
380 4570 548 4654 patrocinio
571 4569 798 4635 communimus.
836 4570 918 4636 Nulli
940 4590 1015 4655 crgo
1040 4574 1163 4635 omnino
1186 4570 1338 4636 bominum
1361 4572 1451 4639 liceat
