3059 5067
795 646 958 726 ccxci.

289 788 365 860 1³01,
378 789 405 849 b.
418 790 538 862 Διωῑ,
556 788 664 863 blpnbo.
681 820 717 833 -
730 790 849 861 Macrin
862 792 953 862 Kionin
966 808 1021 847 non
1037 792 1156 863 Uapsrra
1169 793 1306 861 bestdtipt
1318 796 1381 867 uf
1387 794 1479 851 nona

289 880 342 935 der
354 879 434 935 narn
446 880 663 951 manumissus
676 881 740 937 rins
755 880 891 939 ursanus
909 880 959 937 aies
969 882 1105 957 Biacbofr
1117 883 1258 941 Nicotaus
1271 900 1329 939 m
1340 884 1478 955 fflsdf'u

289 969 408 1026 diercibe
420 972 450 1025 in
463 970 579 1043 Brtrcff
585 970 635 1027 dea
647 988 702 1027 sorr
715 970 778 1027 ders·
793 972 866 1031 Gale
883 971 1085 1047 Vopcldorfna
1098 972 1478 1045 entriebtcrrdsarjlbriiclta

644 1060 749 1117 Census
761 1080 817 1119 non
829 1064 900 1118 sacri
913 1062 999 1119 Morlr
1011 1062 1114 1119 Silbcr.

377 1191 440 1257 Nos
453 1190 628 1258 bodonicus
643 1188 693 1254 dei
703 1193 807 1274 gracia
816 1190 878 1257 ilex
891 1193 1056 1280 Hnnpnrie
1067 1194 1212 1258 memoris
1224 1194 1479 1269 commendamur,

288 1301 385 1387 quod.
401 1302 470 1387 quia
486 1298 593 1365 Frater
612 1300 748 1367 Tbomns
763 1300 930 1366 Monachus
946 1302 1068 1367 claustri
1083 1310 1193 1369 sancte
1209 1304 1325 1371 mnes
1341 1302 1478 1387 dyocesis
1524 1322 1526 1379 ε

288 1408 488 1475 Pntnnicnsis
509 1408 622 1474 ordinis
641 1406 867 1493 cysterciensis
898 1412 928 1473 in
952 1411 1089 1495 personis
1110 1402 1336 1496 iloligiosorurn
1353 1413 1478 1479 rirornn

288 1516 412 1581 fratrum
430 1516 615 1582 Gbclorscni
634 1512 751 1581 abbatis
770 1516 927 1601 tociusque
943 1514 1115 1582 conuentus
1132 1518 1312 1585 ldonnstcrii
1333 1520 1398 1585 iana
1412 1520 1479 1585 dicb‘

287 1628 420 1689 nostrum
433 1624 537 1690 adiens
549 1629 743 1708 conspectum
755 1623 900 1708 quasdam
912 1624 1017 1689 literas
1032 1624 1102 1690 olim
1118 1626 1302 1693 venerabilis
1318 1629 1349 1692 in
1363 1628 1479 1694 cunm

287 1734 382 1817 patris
397 1731 507 1798 domini
520 1732 649 1799 bicnlni
663 1734 800 1819 episcopi
809 1733 1012 1801 ¹icrurincnsin
1022 1734 1153 1819 predicti
1164 1742 1194 1801 ct
1206 1738 1364 1803 autentico
1381 1738 1479 1822 sigillo

286 1860 342 1907 sno
358 1842 567 1921 consignatas,
589 1842 669 1907 inter
689 1848 791 1907 cetera
813 1844 843 1905 in
865 1862 901 1907 se
917 1842 1123 1917 continentes,
1147 1843 1226 1929 quod
1242 1844 1324 1911 idern
1341 1844 1479 1911 dominns

286 1950 438 2016 Nicotaus
444 1949 614 2035 Episcopus
626 1950 776 2035 qnondam
790 1951 876 2015 fratri
889 1954 1003 2025 Herna,
1019 1952 1164 2036 Magistro
1174 1950 1264 2019 Curie
1279 1956 1361 2021 noni
1373 1955 1481 2043 predii

284 2078 341 2143 per
356 2056 494 2125 abbatem
511 2065 541 2122 st
556 2065 735 2125 conuentum
756 2059 868 2145 preiati
884 2058 1059 2125 blonastcrii
1074 2065 1145 2127 tunc
1161 2064 1327 2127 constituto
1344 2064 1479 2147 proauis

285 2166 426 2233 scrrdciis
453 2166 513 2233 sibi
541 2174 572 2231 et
595 2166 678 2232 dicte
700 2188 756 2232 sue
770 2168 959 2235 ,taurinensi
978 2168 1110 2234 ecclesie
1131 2170 1285 2243 exhibitis,
1316 2170 1357 2235 de
1380 2192 1479 2255 grues

284 2277 441 2341 annuisset
449 2276 588 2362 speciali,
604 2283 635 2340 rt
649 2276 717 2361 ipse
733 2282 765 2341 ct
777 2277 824 2341 sui
840 2296 1037 2343 successores
1053 2296 1110 2363 pro
1125 2278 1251 2343 decimis
1265 2284 1352 2345 terre
1364 2282 1480 2369 Foprl-

284 2388 364 2470 dors
378 2390 483 2451 uocate
506 2404 602 2472 prope
623 2386 719 2471 iprum
743 2407 858 2453 nonum
870 2386 1019 2475 predium
1041 2384 1224 2459 adiacentis,
1253 2389 1295 2452 nil
1324 2389 1399 2474 plus
1429 2390 1479 2453 uiri

283 2494 359 2560 duas
370 2494 488 2559 blarcas
500 2496 619 2578 argenti
631 2494 776 2579 ponderis
789 2496 979 2562 misenensis
995 2495 1122 2579 singulis
1138 2498 1225 2562 annis
1241 2498 1273 2561 in
1288 2498 1373 2563 testo
1384 2502 1478 2563 sancii

285 2603 410 2685 Georgii
426 2604 565 2689 martyris
582 2603 681 2668 eidem
694 2604 856 2690 Episcopo,
875 2603 921 2669 vel
935 2604 996 2669 suis
1006 2604 1234 2671 successoribus
1250 2606 1378 2672 soluere
1395 2615 1480 2674 tanc·

284 2716 398 2785 rentur,
414 2711 503 2775 nobis
520 2711 654 2779 erbibuit
669 2720 701 2778 et
716 2716 913 2797 presentsuit,
928 2733 983 2778 nos
999 2715 1201 2799 predictorum
1219 2714 1341 2781 abbatis
1359 2724 1394 2782 et
1409 2736 1479 2783 coa·

286 2826 394 2887 uentus
410 2819 578 2887 nominibus
590 2826 700 2907 petens
722 2821 827 2887 humili
844 2842 968 2906 precum
985 2844 1051 2887 cum
1068 2824 1231 2898 instancia,
1259 2830 1292 2887 rt
1306 2825 1479 2891 huiusmodi

285 2929 461 2997 decimalem
476 2930 659 2996 solucionem
675 2931 714 2995 de
727 2932 865 3015 predicta
881 2936 963 2997 terra
980 2931 1113 2997 ecclesie
1124 2932 1276 3018 Episcopo
1289 2934 1482 3001 Jnnrincsri

285 3036 373 3103 ruodo
397 3038 544 3123 premisso
572 3040 651 3103 iuxta
672 3057 853 3121 generosam
878 3037 1022 3105 videlicet
1048 3040 1158 3105 domini
1181 3042 1313 3109 Μυσίαι·
1334 3042 1482 3129 Episcopi

285 3150 481 3212 annucnciam
497 3154 528 3211 ct
543 3146 784 3213 commissionem
796 3148 964 3215 taciendam
981 3148 1185 3237 approbantes
1200 3156 1297 3215 ratam
1313 3158 1348 3217 ct
1364 3160 1481 3235 gratam

284 3255 398 3321 babere
432 3253 639 3337 dignaremur:
672 3255 743 3321 ldeo
772 3275 827 3321 nos
855 3256 1001 3341 predictis
1030 3258 1128 3324 literis
1155 3259 1393 3343 Episcopalibus
1421 3280 1479 3327 nou

285 3362 415 3436 abrasis,
438 3381 495 3426 non
513 3361 709 3437 cancellatis,
731 3384 789 3428 nec
810 3365 840 3429 in
862 3363 960 3453 aliqua
983 3366 1030 3431 sui
1050 3374 1136 3452 parto
1151 3366 1269 3432 viciatis
1291 3369 1431 3452 prouisis
1452 3376 1481 3433 ct

284 3471 448 3553 diligenter
464 3472 648 3545 examinatis,
678 3474 855 3556 premissam
884 3474 1064 3557 peticionem
1100 3474 1270 3539 corumdem
1300 3474 1425 3543 abbatis
1453 3486 1481 3541 ct

284 3584 450 3645 conuentus
474 3580 651 3663 condignam
669 3581 734 3645 iore
752 3582 945 3651 estimantes,
967 3589 1159 3649 memoratam
1181 3584 1370 3649 solucionem
1394 3586 1481 3653 deci·

284 3688 391 3755 malem
413 3709 470 3773 per
497 3690 671 3773 magistrum
693 3689 803 3774 prelati
825 3691 902 3757 noni
917 3692 1031 3778 predii
1045 3712 1100 3776 per
1116 3692 1199 3777 ipsos
1215 3694 1417 3759 constitutum
1433 3695 1481 3759 rel

284 3797 536 3871 constituendum,
562 3802 700 3883 pretextu
716 3797 800 3863 dicte
815 3805 913 3873 terre,
930 3798 1080 3885 Episcopo
1097 3806 1128 3865 ct
1144 3800 1274 3867 ecclesie
1289 3805 1482 3871 Jnrmincrari

284 3907 373 3973 modo
397 3906 546 3993 prebibito
568 3905 695 3990 singulis
717 3910 802 3973 annis
826 3908 993 3973 taciendam
1019 3914 1114 3973 ratam
1142 3916 1173 3973 et
1192 3916 1309 3994 gratam
1331 3911 1480 3978 babentes

283 4014 484 4101 approbamus
507 4018 547 4080 ita
562 4021 683 4089 tamcn,
712 4021 743 4079 vt
758 4015 838 4079 idem
856 4016 1003 4099 Magister
1030 4019 1161 4083 seruicia
1184 4018 1317 4093 eisdem,
1342 4021 1479 4087 ecclesie

284 4124 404 4187 scilicet
419 4130 451 4189 ct
465 4123 615 4209 Episcopo
629 4125 834 4195 Jnnrinensi.
863 4125 983 4189 racione
1007 4130 1225 4211 premissorum
1248 4126 1350 4192 debita
1375 4130 1479 4195 tacere

284 4238 315 4297 et
330 4231 475 4295 exhibere
502 4230 631 4297 debeant
655 4254 690 4297 ac
712 4239 873 4299 teneantur
895 4236 972 4298 omni
997 4255 1064 4301 cum
1088 4236 1207 4301 stinctu.
1244 4235 1479 4318 Quamobrem

286 4338 370 4403 robis
399 4340 634 4405 decimatnribus
658 4363 711 4405 scr
740 4343 950 4426 prouisoribus
974 4345 1154 4409 decimarum
1177 4345 1256 4409 dicte
1273 4345 1480 4413 Jnnrinensir

284 4451 428 4522 ecclesie,
458 4473 535 4517 nunc
552 4460 583 4516 ct
605 4474 659 4537 pro
676 4458 816 4537 tempore
844 4455 1026 4525 constitutis,
1049 4452 1217 4518 firmissime
1240 4455 1429 4539 precipimus
1452 4466 1479 4521 et

288 4558 438 4635 districte,
453 4566 597 4646 quatenus
606 4560 783 4643 Magistrum
795 4564 950 4627 memorali
964 4561 1061 4645 predii
1074 4582 1129 4649 per
1138 4562 1328 4648 supradictos
1338 4562 1479 4629 abbatem

1524 1394 1526 1421 t

1525 1438 1526 1451 l

1524 1456 1526 1469 l

1522 2450 1526 2477 r

1524 2478 1526 2523 i
