3059 5067
1200 376 1278 449 299

78 559 148 622 suis
171 580 192 621 n
202 562 413 641 regnonostro
424 558 546 631 babitis,
559 560 715 642 signanter
725 558 755 622 iu
768 556 868 621 Curiis
880 576 937 621 una
946 555 1098 627 videlieet,
1110 574 1169 639 que
1181 554 1280 619 &ario

77 666 181 754 Regis
196 666 279 730 eirea
295 686 400 752 aquam
416 666 545 743 Licita,
569 667 703 732 seeunda
719 684 793 732 uero
808 686 867 753 que
882 686 997 732 nouum
1010 664 1158 753 predium
1175 660 1279 727 etalio

76 786 204 848 nomine
210 785 429 873 Nemeneppen
436 791 653 870 nuncupantur,
667 806 702 850 ae
711 786 741 849 in
750 783 819 849 villa
836 785 968 852 Winden
980 782 1172 847 uooalaiuxta
1182 778 1278 843 laeum

75 894 209 959 Fortem
220 896 251 957 in
267 896 409 958 comitatu
421 894 619 960 Musoniensa'
628 900 659 960 et
669 896 701 959 in
713 894 781 959 villa
797 895 926 960 lbnobo
943 893 999 957 alio
1015 892 1135 956 nomine
1150 910 1278 971 meyero·

75 1025 140 1068 ren
163 1011 351 1087 nuncupata,
374 1011 563 1069 romorantes
579 1014 611 1070 et
628 1005 820 1078 habitantes,
844 1024 919 1089 quos
935 1006 1014 1068 iuter
1037 1007 1157 1067 eeteros
1181 1002 1278 1084 ipsius

73 1113 257 1178 monasterii
284 1112 440 1178 libertates
466 1115 512 1177 eis
537 1134 593 1199 per
614 1116 825 1199 progenitores
850 1119 971 1177 nostros
992 1130 1084 1194 reges
1111 1110 1279 1197 Hunporie

73 1220 167 1285 datas
180 1227 212 1285 et
229 1241 403 1295 concessas,
416 1224 588 1288 examinatis
601 1224 695 1309 ipsius
708 1224 881 1288 monasterii
895 1221 1099 1288 instrumentis
1111 1218 1277 1284 literalibus

71 1350 91 1393 a
117 1303 279 1395 soluoibne
311 1332 386 1396 lueri
403 1330 532 1397 Camere
553 1340 658 1397 nostre
683 1334 827 1398 liberatos
849 1332 914 1396 iore
937 1330 1135 1415 comperimus
1161 1328 1277 1413 pariter

71 1443 106 1504 et
123 1444 306 1522 exemptos,
329 1439 401 1503 ldeo
417 1443 502 1524 ipsos
526 1446 558 1505 et
580 1462 684 1505 eorum
701 1441 864 1527 quemlibet
880 1440 1034 1506 reddimus
1051 1438 1088 1503 ab
1106 1436 1275 1503 huiusmodi

69 1548 155 1613 lueri
171 1548 300 1612 Camere
316 1558 420 1615 nostre
435 1551 590 1615 solneione
605 1552 800 1635 presentibus
817 1554 928 1637 quittos
945 1558 975 1614 et
990 1550 1154 1621 absolutos,
1172 1546 1276 1612 rolen-

70 1666 123 1723 tes
141 1662 268 1725 eosdern
286 1663 315 1725 in
327 1680 429 1725 eorum
446 1663 567 1747 antiqua
579 1670 611 1727 et
623 1664 788 1747 approbata
803 1662 952 1727 libertatis
966 1660 1157 1745 prerogaliua
1170 1658 1275 1723 illesos

71 1788 273 1832 conseruare.
311 1769 483 1833 blandamus
506 1776 608 1836 restra
635 1770 771 1835 fidelitati
796 1770 922 1835 tirmiter
942 1775 974 1833 et
997 1768 1134 1832 distriote
1156 1767 1275 1831 omnino

71 1876 240 1949 volentes,
268 1884 414 1962 quatenus
436 1878 582 1963 deinceps
600 1881 696 1944 nullus
713 1901 749 1944 er
762 1880 849 1945 uobis
866 1880 1002 1965 prefatos
1017 1876 1163 1961 populos,
1187 1874 1274 1939 ioba·

70 1987 187 2068 giorm
216 1993 247 2049 et
274 1986 349 2051 alios
376 1988 499 2073 quosuis
528 1989 664 2054 homines
692 1989 857 2074 supradicti
888 1987 1060 2051 monasterii
1090 1986 1119 2050 in
1148 1986 1276 2070 prelatis

71 2095 179 2160 Curiis
204 2101 237 2159 et
262 2095 341 2161 villis
368 2096 515 2163 dictorum
544 2100 741 2164 comitatuum
769 2100 939 2163 residentes
966 2116 1021 2161 seu
1042 2102 1231 2162 romorantes
1258 2114 1274 2159 a

70 2206 205 2269 rasione
231 2206 309 2269 lueri
331 2204 459 2271 Camere
483 2214 586 2272 nostre
613 2208 783 2273 nullomodo
806 2208 985 2279 molestare,
1014 2204 1195 2290 perturbare
1219 2222 1274 2267 seu

71 2335 265 2398 aggrauare,
289 2336 347 2379 neo
368 2316 447 2380 idem
465 2315 578 2381 luorum
596 2316 722 2381 Camere
739 2318 861 2399 erigere
878 2316 1075 2400 presumatis,
1104 2313 1166 2377 Sed
1189 2314 1273 2397 ipsos

69 2426 184 2508 poeins
212 2430 243 2488 et
265 2444 368 2489 eorum
393 2426 578 2512 quemlibet,
607 2446 664 2493 nee
687 2449 746 2491 non
762 2429 910 2513 prelatum
927 2424 1138 2489 monasterium
1154 2424 1274 2489 Soneio

73 2535 192 2601 Cutem
207 2534 237 2596 in
254 2534 387 2617 ipsorum
404 2534 536 2608 duribus,
553 2538 667 2618 graeiis
684 2544 716 2601 et
729 2536 921 2601 libertatibus
937 2536 1044 2620 ipsius,
1061 2539 1094 2600 ut
1109 2534 1272 2618 prefertur,

71 2662 132 2727 per
151 2644 365 2727 progenitores
389 2652 509 2709 nostros
532 2667 624 2729 reges
640 2648 808 2734 Hunpnrie
829 2644 944 2709 donatis
967 2650 999 2709 et
1014 2642 1171 2707 oonoessis
1188 2642 1274 2725 pani-

73 2755 136 2818 liee
152 2772 190 2815 ao
207 2752 321 2837 absque
342 2755 422 2816 omni
437 2756 640 2838 inpedimento
661 2777 715 2821 seu
738 2756 814 2821 lueri
831 2755 957 2819 Camere
983 2759 1086 2819 nostre
1113 2753 1273 2818 eraoeione

70 2859 223 2944 pasitieos
246 2868 328 2925 stare
351 2869 382 2925 et
404 2882 547 2935 manere,
576 2864 727 2950 dictisque
754 2884 858 2928 eorum
886 2862 1076 2927 libertatibus
1104 2867 1135 2925 et
1159 2859 1273 2943 graoiis

69 2970 213 3051 gaudere
230 2974 261 3034 et
276 2971 318 3033 ati
333 2991 389 3055 per
404 2973 502 3036 omnia
517 2974 717 3058 permittatis,
741 2978 773 3039 et
789 2975 869 3039 aliud
886 2993 944 3037 non
960 2973 1077 3037 iaoturi.
1109 2970 1272 3035 Prosentes

69 3086 176 3145 autem
199 3081 269 3146 dum
291 3082 378 3145 nobis
402 3090 557 3168 reportate
580 3085 693 3151 fuerint
708 3084 765 3149 sub
782 3086 886 3151 maiori
902 3088 1003 3149 nostro
1020 3081 1122 3166 sigillo
1139 3079 1270 3144 emanari

72 3190 234 3255 iaciemus.
270 3190 376 3256 Datum
393 3195 423 3256 in
438 3193 577 3281 lapelee,
605 3196 634 3258 in
662 3197 740 3261 festo
768 3194 926 3261 diuisionis
942 3194 1165 3278 apostolorum,
1194 3209 1270 3253 anno

73 3298 189 3364 domini
207 3299 262 3363 ua.
280 3298 378 3367 000⁰.
396 3302 475 3366 lxx¹⁰
490 3309 605 3389 quarto.

586 3431 746 3497 Ladislaus
764 3432 926 3517 episcopus
944 3427 1176 3515 vesprimensis.

150 3569 269 3639 original
282 3570 330 3625 aul
339 3571 496 3643 Pergameni
508 3573 556 3629 mit
568 3574 723 3644 Siegelrest.

574 3792 775 3873 CCLXXII.

73 3932 153 4005 loll,
167 3931 206 3991 15.
221 3932 290 4006 lull,
308 3933 419 4006 upana.
429 3965 467 3977 -
477 3936 603 4008 Ludwig,
617 3938 712 4009 Konig
724 3956 780 3993 ama
798 3940 922 4009 umam,
941 3935 1050 4009 belieblt
1064 3936 1140 3991 aden
1153 3932 1268 3990 Moutl-

74 4022 304 4079 sentosarum
321 4024 446 4095 Uagam.
458 4027 505 4083 die
516 4028 599 4085 Abtea'
611 4029 830 4099 Heiligrnlareaaa
842 4032 873 4085 ira
886 4028 939 4085 cler
951 4030 999 4085 ibr
1011 4046 1065 4085 vora
1077 4029 1171 4084 Altera
1183 4040 1268 4093 suge·

108 4113 269 4170 standenen
281 4115 361 4169 Zoll·
373 4116 434 4172 aand
444 4118 663 4190 Mautbfreibeit
675 4121 753 4175 ibrer
763 4121 960 4179 bebeauma'ttel
971 4123 1050 4179 nield
1061 4140 1098 4177 aa
1110 4120 1232 4177 beirren.

164 4263 344 4329 Lodouieua
371 4264 420 4328 dei
449 4267 552 4349 gracia
573 4268 635 4331 Rex
661 4266 810 4356 llaporie,
838 4272 985 4342 Polnm'e,
1013 4270 1181 4337 Dolmnoia
1206 4274 1266 4333 eto.

74 4370 215 4435 odelinus
237 4371 300 4436 suis
321 4374 471 4439 rniuersis
496 4374 662 4441 tributariis
677 4379 803 4444 rbilibet
818 4382 847 4443 in
865 4400 959 4462 regno
975 4388 1078 4445 nostro
1095 4377 1267 4443 constitutis

75 4479 209 4544 Salutem
225 4485 257 4543 et
272 4483 416 4561 graciam.
441 4484 513 4548 Cum
527 4504 582 4549 uos
602 4536 609 4550 .
647 4536 655 4551 .
673 4488 774 4553 abbati
791 4495 822 4553 el
837 4491 1017 4554 monasterio
1033 4498 1145 4556 ennete
1158 4488 1267 4553 cnseo

75 4589 113 4652 de
127 4590 254 4656 austria
270 4591 309 4655 de
331 4593 435 4673 gracia
451 4594 577 4678 speciali
593 4598 803 4671 annuerimus,
832 4608 863 4665 vt
883 4601 950 4683 ipse
971 4598 1105 4685 quelibet
1127 4593 1263 4663 riotualia
