3059 5067
286 398 337 469 96

281 570 466 635 thesaurizat
490 571 519 633 in
543 570 617 634 celis
645 576 676 635 et
698 578 821 635 terrena
848 572 914 635 eius
941 570 1072 653 dignitas
1099 572 1253 655 prosperis
1280 572 1480 637 successibus

280 684 499 762 augmentatur,
517 678 595 762 quod
612 680 810 761 perfectionis
826 698 920 762 opere
934 684 1006 743 tunc
1021 680 1198 763 completur,
1214 700 1281 744 cum
1298 680 1407 753 heus,
1429 701 1481 765 per

281 804 368 869 quenr
382 788 482 867 lieges
495 792 623 865 regnaut
635 794 667 850 et
682 788 711 849 in
724 786 872 869 regimine
889 788 935 851 sui
951 788 1018 851 solii
1034 790 1111 852 iusta
1129 788 1307 859 decernunt,
1324 790 1480 871 condigne

281 892 452 963 honoratur,
476 900 507 956 et
524 913 588 956 cum
606 892 704 959 cultus
722 894 814 959 diuini
831 895 959 957 nominis
974 896 1005 957 in
1022 895 1170 960 Ecclesiis
1186 895 1407 961 munificentiis
1422 898 1478 959 lle·

281 999 399 1083 palibus
415 1002 558 1071 attolitur,
581 1002 649 1085 quia
665 1002 766 1081 Reges
784 1008 815 1065 el
832 1002 930 1065 ceteri
946 1007 1094 1067 terrarum
1111 1003 1283 1088 Principes,
1306 1006 1361 1089 qui
1379 1005 1479 1069 diuino
1529 992 1530 1011 ³

280 1116 351 1174 autu
368 1117 523 1191 reguntur,
542 1112 611 1171 tunc
628 1110 814 1191 potissimum
830 1110 859 1171 in
876 1109 984 1174 celesti
999 1110 1168 1175 Jerusalem
1183 1111 1388 1185 collocantur,
1418 1135 1481 1179 cum

278 1240 366 1285 sacro
394 1222 498 1281 saneta
527 1222 622 1279 mater
649 1215 784 1281 Ecclesia
812 1217 959 1300 sanguine
982 1218 1123 1282 Crucitiri
1154 1218 1292 1282 dedicata
1318 1221 1480 1285 uberrimis

279 1327 450 1391 libertatum
472 1324 674 1409 prerogatiuis
700 1327 920 1408 prefulgentius
944 1327 1090 1391 decorata
1118 1326 1303 1408 gratulatura
1333 1328 1479 1393 volentes

279 1436 378 1521 dignis
396 1432 590 1519 petitionibus
607 1433 736 1514 predicti
762 1436 863 1498 fratris
881 1435 1006 1499 (litenis
1021 1433 1138 1497 abbatis
1155 1433 1249 1515 Regio
1266 1435 1377 1499 iauore
1396 1437 1481 1501 incli-

279 1544 364 1617 nari,
393 1544 526 1627 prefatas
553 1540 710 1605 libertates
733 1551 764 1606 et
787 1544 902 1625 gratias
924 1548 1045 1607 nostras
1061 1542 1142 1607 dicto
1160 1542 1357 1611 blonasterio,
1375 1544 1478 1607 abbati

279 1658 310 1717 et
336 1649 479 1715 iratribus
504 1650 534 1712 in
563 1650 670 1713 eodem
692 1649 812 1713 domino
835 1670 889 1733 pro
913 1652 1010 1714 salute
1031 1651 1150 1713 humani
1172 1653 1297 1730 generis
1314 1653 1430 1716 deuote
1446 1660 1474 1715 et

280 1759 422 1826 continue
455 1756 658 1843 placatissima
693 1757 891 1823 offerentibus
924 1758 1097 1822 holocausta
1129 1761 1225 1822 tactas
1260 1760 1472 1842 approbantes

279 1871 466 1951 prenotatum
483 1863 672 1949 priuilegium
689 1874 839 1937 nostrum,
866 1872 956 1947 prout
976 1866 1026 1929 hic
1040 1864 1185 1929 insertum
1201 1872 1268 1936 est,
1291 1867 1477 1931 ratificamus

278 1980 309 2039 et
336 1975 514 2039 auctoritate
542 1973 637 2055 liegie
663 1973 830 2037 maiestatis
858 1980 1004 2056 perpetuo
1027 1972 1130 2037 valere
1151 1972 1377 2037 confirmamus.
1414 1977 1477 2039 llos

279 2081 470 2168 presentibus
487 2084 694 2151 annectentes,
718 2079 798 2163 quod
815 2078 909 2143 abbas
926 2088 957 2144 et
977 2082 1091 2145 iratres
1113 2081 1287 2144 monasterii
1309 2084 1477 2153 memorati,

278 2195 310 2255 rt
326 2192 471 2273 pretactis
487 2187 600 2270 graciis
613 2189 725 2251 nostris
737 2188 875 2252 securius
888 2193 1037 2271 perpetuo
1049 2190 1255 2273 pertruantur,
1272 2188 1352 2252 duos
1366 2192 1477 2253 trabes

279 2298 326 2361 sui
345 2298 467 2361 Ordinis
479 2298 508 2358 in
522 2294 612 2359 Curia
625 2300 727 2359 nostra
741 2294 921 2359 tenebuntur
933 2316 1117 2361 conseruare
1133 2298 1274 2361 continue
1292 2306 1474 2362 moraturos

287 2404 327 2467 Vt
344 2410 440 2469 autem
458 2406 561 2467 nostre
577 2402 803 2487 approbationis
825 2411 856 2466 et
872 2405 1107 2467 confirmationis
1128 2407 1226 2468 series
1242 2404 1362 2490 absque
1377 2407 1478 2470 euius·

278 2513 354 2576 libet
376 2511 618 2576 contradictionis
645 2511 802 2576 obstaculo
832 2519 977 2595 perpetua
1002 2514 1101 2576 ualeat
1127 2514 1267 2576 firmitate
1290 2515 1473 2584 consistere.

277 2626 437 2704 presentes
461 2618 666 2683 concessimus
688 2618 806 2683 litteras
830 2623 948 2683 nostras
964 2621 1171 2704 priuilegiales
1194 2622 1262 2683 noui
1279 2628 1314 2685 et
1329 2624 1474 2687 autentici

278 2728 378 2811 Sigilli
396 2728 489 2789 nostri
507 2727 636 2811 duplicis
653 2728 813 2791 munimine
825 2728 1003 2791 roborando.
1028 2728 1134 2791 Datum
1153 2748 1209 2810 per
1224 2748 1331 2793 manus
1349 2730 1476 2795 disereti

277 2836 334 2899 riri
357 2835 492 2917 magistri
508 2836 636 2901 Andreas
662 2836 802 2899 hectoris
824 2837 955 2898 ecclesie
974 2836 1118 2923 Quinque
1133 2836 1336 2901 ecclesieusis
1360 2845 1394 2900 et
1408 2838 1474 2901 aule

277 2949 380 3007 nostre
397 2942 649 3019 vicecancellarii,
674 2944 781 3007 Dilecti
797 2952 828 3007 et
845 2944 943 3007 tidelis
960 2946 1065 3015 nostri,
1082 2946 1165 3007 Anno
1182 2944 1295 3008 domiui
1312 2944 1473 3009 blillesirrro

277 3052 367 3118 000ο
384 3053 466 3115 ΧΧ““’
484 3054 584 3123 terlio,
598 3052 691 3115 Serto
705 3052 773 3115 ldus
782 3050 969 3122 Decembris,
982 3052 1079 3133 Regni
1088 3054 1380 3117 autemnostrianno
1393 3054 1475 3116 simi·

276 3160 348 3225 liter
363 3160 445 3225 Xll'¹¹⁰
463 3161 561 3223 tertio.
587 3158 815 3223 venerabilibus
834 3161 863 3221 in
881 3160 995 3223 cbristo
1016 3159 1152 3243 patribus
1166 3160 1302 3223 llominis
1313 3162 1474 3247 Bopedee

277 3270 493 3357 Stripona'ensi
518 3276 547 3330 ct
572 3269 666 3330 fratre
688 3268 840 3332 Lodielco
858 3269 1037 3333 Coloceusis
1051 3268 1303 3352 archiepiscopis,
1324 3268 1475 3333 sebum

278 3374 444 3445 Nitriesasi,
461 3376 635 3441 Benedieto
654 3375 878 3447 Charandiensi,
902 3376 1038 3462 Georpio
1053 3376 1236 3447 Sinniensi,
1265 3378 1361 3439 tratre
1379 3379 1473 3443 Petro

278 3484 446 3559 Bosueusi,
460 3482 592 3547 Nicoluo
604 3483 801 3551 Jourinensi
816 3482 967 3547 budisluo
982 3484 1319 3570 Quiupueecctesa'ensi,
1335 3485 1474 3549 sesses

284 3590 494 3660 waradiensi.
509 3592 638 3657 Andreu
653 3591 883 3665 Transiluuno,
907 3592 1043 3656 Herrico
1057 3590 1275 3676 wesprimerasa‘
1295 3598 1328 3653 et
1344 3592 1473 3656 Charac-

277 3698 354 3763 diuo
375 3700 518 3786 aprimasi
538 3699 733 3763 eeclesiarum
760 3700 919 3782 Episcopis
944 3698 1098 3763 Ecclesiae
1125 3698 1175 3761 dei
1202 3696 1336 3761 feliciter
1357 3699 1473 3779 guber·

278 3806 429 3878 nantibus,
447 3806 614 3887 blegniheis
631 3806 702 3869 viris
719 3806 874 3892 Philippo
890 3806 1026 3869 Palatino
1043 3806 1160 3869 Gemite
1174 3806 1376 3892 Seipusierasi
1390 3814 1423 3869 et
1437 3804 1476 3868 de

282 3914 398 3998 Wpuur
424 3936 459 3978 ac
486 3913 594 3977 ludica
627 3916 838 3979 Cumanorum
866 3915 1027 3979 umeris
1062 3914 1206 3995 magistro
1232 3916 1474 3978 Tauernicornm

278 4026 458 4093 nostrorum,
475 4020 591 4085 Comite
603 4022 778 4087 Bocbiensi
792 4030 822 4085 et
838 4024 876 4085 de
891 4022 1060 4095 lhincbeu,
1077 4024 1247 4110 humperto
1262 4022 1366 4085 ludiee
1382 4020 1477 4085 Curis

278 4136 390 4201 nostre,
409 4130 524 4193 Comite
540 4131 701 4195 Nitriensi
715 4138 746 4195 et
769 4130 995 4201 Cbuuodieusi,
1023 4131 1142 4196 Tharsa
1162 4130 1308 4214 woyuoda
1328 4130 1475 4195 Tenat-

277 4258 361 4303 ucuo
392 4242 423 4301 et
438 4238 554 4302 Comite
577 4239 615 4303 dc
640 4240 757 4304 Zonulr.
783 4240 916 4304 Niceten
939 4240 1018 4302 Bano
1043 4241 1135 4303 totius
1156 4239 1345 4310 Sulcensis,
1369 4238 1472 4303 Paulo

278 4343 358 4407 liano
375 4345 413 4409 de
426 4346 562 4412 Machor
578 4346 693 4410 Gemite
709 4348 880 4413 Sirmiensi
890 4348 929 4411 de
947 4348 1070 4414 llbltou
1081 4355 1113 4411 et
1131 4349 1170 4413 de
1181 4348 1330 4435 Budnsp,
1357 4344 1474 4431 ΠΜ

276 4454 419 4535 magistro
448 4456 684 4520 Tauernicorum
709 4455 829 4519 domine
859 4456 974 4538 hegiae
1002 4456 1161 4521 karissime
1180 4455 1332 4521 consortis
1360 4458 1472 4527 cosme,

278 4564 393 4629 Comite
411 4564 449 4629 de
462 4565 562 4630 Surus
582 4572 612 4629 ct
628 4566 666 4629 de
680 4564 838 4638 Zemlimo,
855 4566 960 4631 Deseu
975 4564 1083 4629 iudice
1094 4564 1185 4629 Curia
1202 4562 1339 4627 eiusdem
1355 4560 1473 4625 domine
