<?xml version="1.0" encoding="UTF-8"?>
<!DOCTYPE html PUBLIC "-//W3C//DTD XHTML 1.0 Transitional//EN"
    "http://www.w3.org/TR/xhtml1/DTD/xhtml1-transitional.dtd">
<html xmlns="http://www.w3.org/1999/xhtml" xml:lang="en" lang="en">
 <head>
  <title>
</title>
<meta http-equiv="Content-Type" content="text/html;charset=utf-8" />
  <meta name='ocr-system' content='tesseract 3.04.00' />
  <meta name='ocr-capabilities' content='ocr_page ocr_carea ocr_par ocr_line ocrx_word'/>
</head>
<body>
  <div class='ocr_page' id='page_1' title='image "./relationenvenet13fiedgoog_0369.png"; bbox 0 0 3059 5067; ppageno 0'>
   <div class='ocr_carea' id='block_1_1' title="bbox 1203 405 1280 477">
    <p class='ocr_par' dir='ltr' id='par_1_1' title="bbox 1203 405 1280 477">
     <span class='ocr_line' id='line_1_1' title="bbox 1203 405 1280 477; baseline 0 0"><span class='ocrx_word' id='word_1_1' title='bbox 1203 405 1280 477; x_wconf 78' lang='grc'><strong>351</strong></span> 
     </span>
    </p>
   </div>
   <div class='ocr_carea' id='block_1_2' title="bbox 85 571 1290 1069">
    <p class='ocr_par' dir='ltr' id='par_1_2' title="bbox 85 571 1290 1069">
     <span class='ocr_line' id='line_1_2' title="bbox 87 571 1284 656; baseline 0.012 -23"><span class='ocrx_word' id='word_1_2' title='bbox 87 573 196 653; x_wconf 80' lang='lat' dir='ltr'>insigel</span> <span class='ocrx_word' id='word_1_3' title='bbox 206 574 263 637; x_wconf 77' lang='lat' dir='ltr'>und</span> <span class='ocrx_word' id='word_1_4' title='bbox 278 572 336 637; x_wconf 83' lang='lat' dir='ltr'>des</span> <span class='ocrx_word' id='word_1_5' title='bbox 351 592 471 656; x_wconf 77' lang='lat' dir='ltr'>gezeug</span> <span class='ocrx_word' id='word_1_6' title='bbox 486 571 555 637; x_wconf 87' lang='lat' dir='ltr'>sind</span> <span class='ocrx_word' id='word_1_7' title='bbox 571 574 628 639; x_wconf 87' lang='lat' dir='ltr'>dsr</span> <span class='ocrx_word' id='word_1_8' title='bbox 644 582 711 640; x_wconf 86' lang='lat' dir='ltr'>rest</span> <span class='ocrx_word' id='word_1_9' title='bbox 725 576 821 641; x_wconf 83' lang='lat' dir='ltr'>liitter</span> <span class='ocrx_word' id='word_1_10' title='bbox 838 576 894 640; x_wconf 88' lang='lat' dir='ltr'>ber</span> <span class='ocrx_word' id='word_1_11' title='bbox 909 578 1053 643; x_wconf 74' lang='lat' dir='ltr'>christon</span> <span class='ocrx_word' id='word_1_12' title='bbox 1069 578 1125 643; x_wconf 88' lang='lat' dir='ltr'>der</span> <span class='ocrx_word' id='word_1_13' title='bbox 1144 580 1284 646; x_wconf 79' lang='lat' dir='ltr'>Tonberu-</span> 
     </span>
     <span class='ocr_line' id='line_1_3' title="bbox 85 681 1290 755; baseline 0.01 -13"><span class='ocrx_word' id='word_1_14' title='bbox 85 681 211 746; x_wconf 78' lang='lat' dir='ltr'>stor&#39;ner</span> <span class='ocrx_word' id='word_1_15' title='bbox 225 683 285 746; x_wconf 79' lang='lat' dir='ltr'>und</span> <span class='ocrx_word' id='word_1_16' title='bbox 300 683 462 749; x_wconf 79' lang='lat' dir='ltr'>Eberbort</span> <span class='ocrx_word' id='word_1_17' title='bbox 477 702 534 746; x_wconf 86' lang='lat' dir='ltr'>von</span> <span class='ocrx_word' id='word_1_18' title='bbox 550 683 668 749; x_wconf 78' lang='lat' dir='ltr'>Wildsk</span> <span class='ocrx_word' id='word_1_19' title='bbox 684 682 740 749; x_wconf 88' lang='lat' dir='ltr'>der</span> <span class='ocrx_word' id='word_1_20' title='bbox 757 682 838 749; x_wconf 87' lang='lat' dir='ltr'>Snob</span> <span class='ocrx_word' id='word_1_21' title='bbox 855 685 884 747; x_wconf 91' lang='lat' dir='ltr'>in</span> <span class='ocrx_word' id='word_1_22' title='bbox 901 704 937 749; x_wconf 82' lang='lat' dir='ltr'>an</span> <span class='ocrx_word' id='word_1_23' title='bbox 954 686 1100 751; x_wconf 86' lang='lat' dir='ltr'>sobaden.</span> <span class='ocrx_word' id='word_1_24' title='bbox 1125 688 1189 753; x_wconf 88' lang='lat' dir='ltr'>Der</span> <span class='ocrx_word' id='word_1_25' title='bbox 1205 690 1290 755; x_wconf 84' lang='lat' dir='ltr'>briei</span> 
     </span>
     <span class='ocr_line' id='line_1_4' title="bbox 85 788 1285 874; baseline 0.012 -25"><span class='ocrx_word' id='word_1_26' title='bbox 85 788 123 850; x_wconf 87' lang='lat' dir='ltr'>ist</span> <span class='ocrx_word' id='word_1_27' title='bbox 135 788 288 870; x_wconf 83' lang='lat' dir='ltr'>Gegeban</span> <span class='ocrx_word' id='word_1_28' title='bbox 304 790 382 853; x_wconf 81' lang='lat' dir='ltr'>nauh</span> <span class='ocrx_word' id='word_1_29' title='bbox 398 791 505 855; x_wconf 78' lang='lat' dir='ltr'>ebriati</span> <span class='ocrx_word' id='word_1_30' title='bbox 521 793 641 874; x_wconf 80' lang='lat' dir='ltr'>gepurd</span> <span class='ocrx_word' id='word_1_31' title='bbox 651 794 851 859; x_wconf 80' lang='lat' dir='ltr'>Drewtsebeo</span> <span class='ocrx_word' id='word_1_32' title='bbox 869 794 1000 859; x_wconf 87' lang='lat' dir='ltr'>bundert</span> <span class='ocrx_word' id='word_1_33' title='bbox 1016 795 1079 868; x_wconf 84' lang='lat' dir='ltr'>lar,</span> <span class='ocrx_word' id='word_1_34' title='bbox 1097 796 1237 863; x_wconf 86' lang='lat' dir='ltr'>[larnaeb</span> <span class='ocrx_word' id='word_1_35' title='bbox 1253 800 1285 863; x_wconf 92' lang='lat' dir='ltr'>in</span> 
     </span>
     <span class='ocr_line' id='line_1_5' title="bbox 85 895 1286 988; baseline 0.012 -29"><span class='ocrx_word' id='word_1_36' title='bbox 85 895 151 961; x_wconf 88' lang='lat' dir='ltr'>dem</span> <span class='ocrx_word' id='word_1_37' title='bbox 168 899 238 961; x_wconf 83' lang='lat' dir='ltr'>rior</span> <span class='ocrx_word' id='word_1_38' title='bbox 256 898 316 963; x_wconf 84' lang='lat' dir='ltr'>und</span> <span class='ocrx_word' id='word_1_39' title='bbox 332 898 528 965; x_wconf 79' lang='lat' dir='ltr'>aubezlsisten</span> <span class='ocrx_word' id='word_1_40' title='bbox 549 902 614 972; x_wconf 89' lang='lat' dir='ltr'>iar,</span> <span class='ocrx_word' id='word_1_41' title='bbox 636 903 680 967; x_wconf 81' lang='lat' dir='ltr'>An</span> <span class='ocrx_word' id='word_1_42' title='bbox 703 902 786 969; x_wconf 88' lang='lat' dir='ltr'>Sand</span> <span class='ocrx_word' id='word_1_43' title='bbox 809 902 898 969; x_wconf 81' lang='lat' dir='ltr'>Pouls</span> <span class='ocrx_word' id='word_1_44' title='bbox 921 905 1004 988; x_wconf 84' lang='lat' dir='ltr'>Tag,</span> <span class='ocrx_word' id='word_1_45' title='bbox 1027 904 1073 969; x_wconf 85' lang='lat' dir='ltr'>als</span> <span class='ocrx_word' id='word_1_46' title='bbox 1096 928 1132 970; x_wconf 91' lang='lat' dir='ltr'>er</span> <span class='ocrx_word' id='word_1_47' title='bbox 1155 906 1286 973; x_wconf 87' lang='lat' dir='ltr'>beubert</span> 
     </span>
     <span class='ocr_line' id='line_1_6' title="bbox 86 1006 179 1069; baseline 0.022 -2"><span class='ocrx_word' id='word_1_48' title='bbox 86 1006 179 1069; x_wconf 77' lang='lat' dir='ltr'>ward.</span> 
     </span>
    </p>
   </div>
   <div class='ocr_carea' id='block_1_3' title="bbox 153 1130 1034 1205">
    <p class='ocr_par' dir='ltr' id='par_1_3' title="bbox 153 1130 1034 1205">
     <span class='ocr_line' id='line_1_7' title="bbox 153 1130 1034 1205; baseline 0.007 -20"><span class='ocrx_word' id='word_1_49' title='bbox 153 1130 276 1203; x_wconf 73' lang='lat' dir='ltr'>original</span> <span class='ocrx_word' id='word_1_50' title='bbox 289 1134 337 1189; x_wconf 80' lang='lat' dir='ltr'>sud</span> <span class='ocrx_word' id='word_1_51' title='bbox 346 1134 506 1204; x_wconf 75' lang='lat' dir='ltr'>Pergameni</span> <span class='ocrx_word' id='word_1_52' title='bbox 519 1132 565 1189; x_wconf 86' lang='lat' dir='ltr'>mit</span> <span class='ocrx_word' id='word_1_53' title='bbox 577 1135 642 1190; x_wconf 78' lang='lat' dir='ltr'>mi</span> <span class='ocrx_word' id='word_1_54' title='bbox 657 1135 782 1205; x_wconf 74' lang='lat' dir='ltr'>Sisgeln3</span> <span class='ocrx_word' id='word_1_55' title='bbox 795 1135 837 1190; x_wconf 91' lang='lat' dir='ltr'>ein</span> <span class='ocrx_word' id='word_1_56' title='bbox 848 1136 945 1191; x_wconf 88' lang='lat' dir='ltr'>drittss</span> <span class='ocrx_word' id='word_1_57' title='bbox 957 1137 1034 1192; x_wconf 83' lang='lat' dir='ltr'>tehlt.</span> 
     </span>
    </p>
   </div>
   <div class='ocr_carea' id='block_1_4' title="bbox 595 1324 778 1406">
    <p class='ocr_par' dir='ltr' id='par_1_4' title="bbox 595 1324 778 1406">
     <span class='ocr_line' id='line_1_8' title="bbox 595 1324 778 1406; baseline -0.005 0"><span class='ocrx_word' id='word_1_58' title='bbox 595 1324 778 1406; x_wconf 79' lang='lat' dir='ltr'>cccviii.</span> 
     </span>
    </p>
   </div>
   <div class='ocr_carea' id='block_1_5' title="bbox 81 1467 1343 1636">
    <p class='ocr_par' dir='ltr' id='par_1_5' title="bbox 81 1467 1343 1636">
     <span class='ocr_line' id='line_1_9' title="bbox 81 1467 1343 1543; baseline 0.002 -18"><span class='ocrx_word' id='word_1_59' title='bbox 81 1467 163 1540; x_wconf 76' lang='grc'><strong>1111,</strong></span> <span class='ocrx_word' id='word_1_60' title='bbox 185 1470 225 1527; x_wconf 83' lang='grc'>11.</span> <span class='ocrx_word' id='word_1_61' title='bbox 243 1469 334 1542; x_wconf 65' lang='grc'><strong>11111,</strong></span> <span class='ocrx_word' id='word_1_62' title='bbox 355 1469 495 1529; x_wconf 69' lang='grc'><strong>11111111</strong></span> <span class='ocrx_word' id='word_1_63' title='bbox 514 1470 709 1543; x_wconf 66' lang='lat' dir='ltr'>(impulit).</span> <span class='ocrx_word' id='word_1_64' title='bbox 729 1501 764 1512; x_wconf 98' lang='lat'>-</span> <span class='ocrx_word' id='word_1_65' title='bbox 785 1471 909 1527; x_wconf 77' lang='lat' dir='ltr'>Mielsnsl</span> <span class='ocrx_word' id='word_1_66' title='bbox 930 1471 982 1527; x_wconf 77' lang='lat' dir='ltr'>All</span> <span class='ocrx_word' id='word_1_67' title='bbox 999 1488 1054 1527; x_wconf 78' lang='lat' dir='ltr'>uuor</span> <span class='ocrx_word' id='word_1_68' title='bbox 1071 1472 1204 1529; x_wconf 70' lang='lat' dir='ltr'>Arabum</span> <span class='ocrx_word' id='word_1_69' title='bbox 1227 1475 1288 1529; x_wconf 79' lang='lat' dir='ltr'>und</span> <span class='ocrx_word' id='word_1_70' title='bbox 1337 1526 1343 1537; x_wconf 87' lang='grc'><strong>,</strong></span> 
     </span>
     <span class='ocr_line' id='line_1_10' title="bbox 84 1560 1287 1636; baseline 0.007 -24"><span class='ocrx_word' id='word_1_71' title='bbox 84 1560 327 1616; x_wconf 73' lang='lat' dir='ltr'>denerat-Vicus·</span> <span class='ocrx_word' id='word_1_72' title='bbox 342 1562 392 1617; x_wconf 81' lang='lat' dir='ltr'>des</span> <span class='ocrx_word' id='word_1_73' title='bbox 410 1562 738 1618; x_wconf 63' lang='lat' dir='ltr'>mercenses-urum</span> <span class='ocrx_word' id='word_1_74' title='bbox 757 1563 940 1618; x_wconf 64' lang='lat' dir='ltr'>smannens</span> <span class='ocrx_word' id='word_1_75' title='bbox 957 1564 1017 1636; x_wconf 75' lang='lat' dir='ltr'>ms</span> <span class='ocrx_word' id='word_1_76' title='bbox 1030 1563 1129 1619; x_wconf 80' lang='lat' dir='ltr'>Bittsn</span> <span class='ocrx_word' id='word_1_77' title='bbox 1143 1563 1195 1619; x_wconf 82' lang='lat' dir='ltr'>der</span> <span class='ocrx_word' id='word_1_78' title='bbox 1206 1566 1287 1621; x_wconf 81' lang='lat' dir='ltr'>Adtes&#39;</span> 
     </span>
    </p>
   </div>
   <div class='ocr_carea' id='block_1_6' title="bbox 80 1651 1333 1800">
    <p class='ocr_par' dir='ltr' id='par_1_6' title="bbox 80 1651 1333 1800">
     <span class='ocr_line' id='line_1_11' title="bbox 80 1651 1333 1730; baseline 0.01 -26"><span class='ocrx_word' id='word_1_79' title='bbox 80 1651 304 1723; x_wconf 60' lang='lat' dir='ltr'>mangonum</span> <span class='ocrx_word' id='word_1_80' title='bbox 320 1652 367 1708; x_wconf 82' lang='lat' dir='ltr'>dte</span> <span class='ocrx_word' id='word_1_81' title='bbox 380 1652 465 1709; x_wconf 82' lang='lat' dir='ltr'>Bulle</span> <span class='ocrx_word' id='word_1_82' title='bbox 476 1654 565 1725; x_wconf 85' lang='lat' dir='ltr'>Pupst</span> <span class='ocrx_word' id='word_1_83' title='bbox 583 1653 703 1709; x_wconf 62' lang='lat' dir='ltr'>urrunnu</span> <span class='ocrx_word' id='word_1_84' title='bbox 721 1652 780 1717; x_wconf 73' lang='lat'><em>111..</em></span> <span class='ocrx_word' id='word_1_85' title='bbox 793 1652 859 1709; x_wconf 85' lang='lat' dir='ltr'>ddo.</span> <span class='ocrx_word' id='word_1_86' title='bbox 876 1652 964 1708; x_wconf 74' lang='lat' dir='ltr'>dulor</span> <span class='ocrx_word' id='word_1_87' title='bbox 982 1652 1037 1709; x_wconf 78' lang='lat'>25.</span> <span class='ocrx_word' id='word_1_88' title='bbox 1049 1654 1113 1711; x_wconf 69' lang='lat' dir='ltr'>sols·</span> <span class='ocrx_word' id='word_1_89' title='bbox 1128 1656 1215 1713; x_wconf 73' lang='lat'><strong><em>1283</em></strong></span> <span class='ocrx_word' id='word_1_90' title='bbox 1233 1656 1287 1730; x_wconf 68' lang='lat' dir='ltr'>fair</span> <span class='ocrx_word' id='word_1_91' title='bbox 1330 1706 1333 1717; x_wconf 88' lang='lat'><em>.</em></span> 
     </span>
     <span class='ocr_line' id='line_1_12' title="bbox 484 1743 880 1800; baseline 0 -3"><span class='ocrx_word' id='word_1_92' title='bbox 484 1743 538 1798; x_wconf 82' lang='lat' dir='ltr'>den</span> <span class='ocrx_word' id='word_1_93' title='bbox 552 1743 880 1800; x_wconf 65' lang='lat' dir='ltr'>cisterciensem-orden.</span> 
     </span>
    </p>
   </div>
   <div class='ocr_carea' id='block_1_7' title="bbox 80 1870 1287 2504">
    <p class='ocr_par' dir='ltr' id='par_1_7' title="bbox 80 1870 1287 2504">
     <span class='ocr_line' id='line_1_13' title="bbox 174 1870 1287 1941; baseline 0.004 -6"><span class='ocrx_word' id='word_1_94' title='bbox 174 1870 241 1935; x_wconf 89' lang='lat' dir='ltr'>Nos</span> <span class='ocrx_word' id='word_1_95' title='bbox 250 1873 345 1935; x_wconf 87' lang='lat' dir='ltr'>irater</span> <span class='ocrx_word' id='word_1_96' title='bbox 356 1871 497 1938; x_wconf 77' lang='lat' dir='ltr'>diluisset</span> <span class='ocrx_word' id='word_1_97' title='bbox 508 1871 608 1937; x_wconf 81' lang='lat' dir='ltr'>nubas</span> <span class='ocrx_word' id='word_1_98' title='bbox 621 1872 800 1938; x_wconf 88' lang='lat' dir='ltr'>blonasterii</span> <span class='ocrx_word' id='word_1_99' title='bbox 812 1871 851 1937; x_wconf 89' lang='lat' dir='ltr'>de</span> <span class='ocrx_word' id='word_1_100' title='bbox 863 1872 1023 1941; x_wconf 75' lang='lat' dir='ltr'>Arodonn.</span> <span class='ocrx_word' id='word_1_101' title='bbox 1034 1873 1155 1939; x_wconf 79' lang='lat' dir='ltr'>Ordinis</span> <span class='ocrx_word' id='word_1_102' title='bbox 1169 1874 1287 1940; x_wconf 81' lang='lat' dir='ltr'>Cister-</span> 
     </span>
     <span class='ocr_line' id='line_1_14' title="bbox 80 1979 1286 2067; baseline 0.006 -24"><span class='ocrx_word' id='word_1_103' title='bbox 80 1980 201 2045; x_wconf 88' lang='lat' dir='ltr'>eiensis</span> <span class='ocrx_word' id='word_1_104' title='bbox 210 1981 387 2046; x_wconf 79' lang='lat' dir='ltr'>Tbeats’nue</span> <span class='ocrx_word' id='word_1_105' title='bbox 403 1981 548 2057; x_wconf 79' lang='lat' dir='ltr'>diocesis,</span> <span class='ocrx_word' id='word_1_106' title='bbox 565 1979 701 2062; x_wconf 84' lang='lat' dir='ltr'>ejusdem</span> <span class='ocrx_word' id='word_1_107' title='bbox 715 1980 831 2046; x_wconf 80' lang='lat' dir='ltr'>ordinis</span> <span class='ocrx_word' id='word_1_108' title='bbox 845 1982 983 2049; x_wconf 86' lang='lat' dir='ltr'>llioarius</span> <span class='ocrx_word' id='word_1_109' title='bbox 998 1983 1162 2067; x_wconf 76' lang='lat' dir='ltr'>generalis,</span> <span class='ocrx_word' id='word_1_110' title='bbox 1176 1986 1286 2049; x_wconf 87' lang='lat' dir='ltr'>autbo-</span> 
     </span>
     <span class='ocr_line' id='line_1_15' title="bbox 81 2088 1282 2175; baseline 0.007 -24"><span class='ocrx_word' id='word_1_111' title='bbox 81 2090 174 2154; x_wconf 79' lang='lat' dir='ltr'>ritate</span> <span class='ocrx_word' id='word_1_112' title='bbox 191 2090 361 2175; x_wconf 87' lang='lat' dir='ltr'>apostoliea</span> <span class='ocrx_word' id='word_1_113' title='bbox 377 2089 538 2174; x_wconf 85' lang='lat' dir='ltr'>deputatus</span> <span class='ocrx_word' id='word_1_114' title='bbox 554 2088 722 2155; x_wconf 80' lang='lat' dir='ltr'>venerabili</span> <span class='ocrx_word' id='word_1_115' title='bbox 738 2090 769 2153; x_wconf 90' lang='lat' dir='ltr'>in</span> <span class='ocrx_word' id='word_1_116' title='bbox 786 2088 906 2155; x_wconf 82' lang='lat' dir='ltr'>Christo</span> <span class='ocrx_word' id='word_1_117' title='bbox 923 2092 1017 2175; x_wconf 89' lang='lat' dir='ltr'>patri,</span> <span class='ocrx_word' id='word_1_118' title='bbox 1047 2091 1166 2157; x_wconf 88' lang='lat' dir='ltr'>domino</span> <span class='ocrx_word' id='word_1_119' title='bbox 1193 2094 1282 2161; x_wconf 85' lang='lat' dir='ltr'>Colo·</span> 
     </span>
     <span class='ocr_line' id='line_1_16' title="bbox 80 2198 1287 2283; baseline 0.005 -20"><span class='ocrx_word' id='word_1_120' title='bbox 80 2220 219 2271; x_wconf 81' lang='lat' dir='ltr'>manno,</span> <span class='ocrx_word' id='word_1_121' title='bbox 243 2198 390 2264; x_wconf 77' lang='lat' dir='ltr'>coabbati</span> <span class='ocrx_word' id='word_1_122' title='bbox 412 2205 443 2264; x_wconf 89' lang='lat' dir='ltr'>et</span> <span class='ocrx_word' id='word_1_123' title='bbox 459 2200 612 2267; x_wconf 76' lang='lat' dir='ltr'>monachis</span> <span class='ocrx_word' id='word_1_124' title='bbox 630 2200 803 2283; x_wconf 83' lang='lat' dir='ltr'>ueterisque</span> <span class='ocrx_word' id='word_1_125' title='bbox 819 2200 959 2283; x_wconf 87' lang='lat' dir='ltr'>personis</span> <span class='ocrx_word' id='word_1_126' title='bbox 977 2200 1154 2266; x_wconf 85' lang='lat' dir='ltr'>blonasterii</span> <span class='ocrx_word' id='word_1_127' title='bbox 1176 2210 1287 2269; x_wconf 84' lang='lat' dir='ltr'>sanote</span> 
     </span>
     <span class='ocr_line' id='line_1_17' title="bbox 82 2307 1287 2381; baseline 0.002 -7"><span class='ocrx_word' id='word_1_128' title='bbox 82 2310 199 2375; x_wconf 73' lang='lat' dir='ltr'>Crucis</span> <span class='ocrx_word' id='word_1_129' title='bbox 214 2310 245 2373; x_wconf 93' lang='lat' dir='ltr'>in</span> <span class='ocrx_word' id='word_1_130' title='bbox 257 2309 389 2375; x_wconf 64' lang='lat' dir='ltr'>duania</span> <span class='ocrx_word' id='word_1_131' title='bbox 402 2309 474 2375; x_wconf 79' lang='lat' dir='ltr'>disti</span> <span class='ocrx_word' id='word_1_132' title='bbox 488 2308 613 2381; x_wconf 84' lang='lat' dir='ltr'>ordinis,</span> <span class='ocrx_word' id='word_1_133' title='bbox 626 2307 813 2373; x_wconf 83' lang='lat' dir='ltr'>Patauiensis</span> <span class='ocrx_word' id='word_1_134' title='bbox 826 2309 959 2373; x_wconf 83' lang='lat' dir='ltr'>diocesis</span> <span class='ocrx_word' id='word_1_135' title='bbox 977 2309 1103 2373; x_wconf 83' lang='lat' dir='ltr'>salutern</span> <span class='ocrx_word' id='word_1_136' title='bbox 1119 2310 1149 2373; x_wconf 93' lang='lat' dir='ltr'>in</span> <span class='ocrx_word' id='word_1_137' title='bbox 1168 2310 1287 2375; x_wconf 90' lang='lat' dir='ltr'>domiuo</span> 
     </span>
     <span class='ocr_line' id='line_1_18' title="bbox 81 2418 1286 2504; baseline 0.001 -22"><span class='ocrx_word' id='word_1_138' title='bbox 81 2419 311 2504; x_wconf 84' lang='lat' dir='ltr'>sempiternam.</span> <span class='ocrx_word' id='word_1_139' title='bbox 335 2419 444 2482; x_wconf 88' lang='lat' dir='ltr'>Notum</span> <span class='ocrx_word' id='word_1_140' title='bbox 467 2420 595 2483; x_wconf 86' lang='lat' dir='ltr'>iacimus</span> <span class='ocrx_word' id='word_1_141' title='bbox 614 2438 670 2502; x_wconf 86' lang='lat' dir='ltr'>per</span> <span class='ocrx_word' id='word_1_142' title='bbox 693 2424 871 2502; x_wconf 86' lang='lat' dir='ltr'>presentes,</span> <span class='ocrx_word' id='word_1_143' title='bbox 893 2438 948 2483; x_wconf 90' lang='lat' dir='ltr'>nos</span> <span class='ocrx_word' id='word_1_144' title='bbox 971 2418 1087 2483; x_wconf 79' lang='lat' dir='ltr'>litteras</span> <span class='ocrx_word' id='word_1_145' title='bbox 1103 2419 1170 2484; x_wconf 90' lang='lat' dir='ltr'>siue</span> <span class='ocrx_word' id='word_1_146' title='bbox 1186 2418 1286 2483; x_wconf 90' lang='lat' dir='ltr'>bullas</span> 
     </span>
    </p>
   </div>
   <div class='ocr_carea' id='block_1_8' title="bbox 81 2526 1287 4686">
    <p class='ocr_par' dir='ltr' id='par_1_8' title="bbox 81 2526 1287 4686">
     <span class='ocr_line' id='line_1_19' title="bbox 85 2526 1284 2611; baseline 0.003 -23"><span class='ocrx_word' id='word_1_147' title='bbox 85 2546 141 2609; x_wconf 91' lang='lat' dir='ltr'>pro</span> <span class='ocrx_word' id='word_1_148' title='bbox 159 2527 303 2611; x_wconf 89' lang='lat' dir='ltr'>personis</span> <span class='ocrx_word' id='word_1_149' title='bbox 319 2528 415 2610; x_wconf 89' lang='lat' dir='ltr'>ipsius</span> <span class='ocrx_word' id='word_1_150' title='bbox 432 2526 547 2590; x_wconf 86' lang='lat' dir='ltr'>ordinis</span> <span class='ocrx_word' id='word_1_151' title='bbox 564 2548 580 2589; x_wconf 89' lang='lat' dir='ltr'>a</span> <span class='ocrx_word' id='word_1_152' title='bbox 598 2527 795 2592; x_wconf 76' lang='lat' dir='ltr'>sanctissimo</span> <span class='ocrx_word' id='word_1_153' title='bbox 818 2527 850 2591; x_wconf 88' lang='lat' dir='ltr'>in</span> <span class='ocrx_word' id='word_1_154' title='bbox 873 2527 987 2591; x_wconf 82' lang='lat' dir='ltr'>christo</span> <span class='ocrx_word' id='word_1_155' title='bbox 1012 2533 1096 2610; x_wconf 86' lang='lat' dir='ltr'>patre</span> <span class='ocrx_word' id='word_1_156' title='bbox 1118 2539 1149 2592; x_wconf 89' lang='lat' dir='ltr'>et</span> <span class='ocrx_word' id='word_1_157' title='bbox 1165 2528 1284 2592; x_wconf 89' lang='lat' dir='ltr'>domino</span> 
     </span>
     <span class='ocr_line' id='line_1_20' title="bbox 84 2634 1284 2720; baseline 0.003 -22"><span class='ocrx_word' id='word_1_158' title='bbox 84 2643 191 2699; x_wconf 87' lang='lat' dir='ltr'>nostro</span> <span class='ocrx_word' id='word_1_159' title='bbox 210 2635 330 2698; x_wconf 89' lang='lat' dir='ltr'>dominu</span> <span class='ocrx_word' id='word_1_160' title='bbox 350 2635 469 2701; x_wconf 80' lang='lat' dir='ltr'>Vsdano</span> <span class='ocrx_word' id='word_1_161' title='bbox 487 2634 587 2699; x_wconf 92' lang='lat' dir='ltr'>diuina</span> <span class='ocrx_word' id='word_1_162' title='bbox 605 2636 796 2719; x_wconf 89' lang='lat' dir='ltr'>prouidentia</span> <span class='ocrx_word' id='word_1_163' title='bbox 820 2655 896 2720; x_wconf 86' lang='lat' dir='ltr'>papa</span> <span class='ocrx_word' id='word_1_164' title='bbox 913 2636 1008 2700; x_wconf 84' lang='lat' dir='ltr'>Serto</span> <span class='ocrx_word' id='word_1_165' title='bbox 1032 2638 1098 2700; x_wconf 86' lang='lat' dir='ltr'>eius</span> <span class='ocrx_word' id='word_1_166' title='bbox 1115 2656 1186 2701; x_wconf 83' lang='lat' dir='ltr'>vera</span> <span class='ocrx_word' id='word_1_167' title='bbox 1203 2635 1284 2701; x_wconf 90' lang='lat' dir='ltr'>bulla</span> 
     </span>
     <span class='ocr_line' id='line_1_21' title="bbox 81 2743 1287 2828; baseline 0.002 -21"><span class='ocrx_word' id='word_1_168' title='bbox 81 2744 225 2828; x_wconf 85' lang='lat' dir='ltr'>plumbea</span> <span class='ocrx_word' id='word_1_169' title='bbox 255 2746 286 2807; x_wconf 91' lang='lat' dir='ltr'>in</span> <span class='ocrx_word' id='word_1_170' title='bbox 312 2743 370 2807; x_wconf 89' lang='lat' dir='ltr'>iilis</span> <span class='ocrx_word' id='word_1_171' title='bbox 395 2744 503 2808; x_wconf 82' lang='lat' dir='ltr'>sericis</span> <span class='ocrx_word' id='word_1_172' title='bbox 528 2747 631 2807; x_wconf 80' lang='lat' dir='ltr'>crocei</span> <span class='ocrx_word' id='word_1_173' title='bbox 661 2752 691 2807; x_wconf 87' lang='lat' dir='ltr'>et</span> <span class='ocrx_word' id='word_1_174' title='bbox 714 2743 800 2809; x_wconf 88' lang='lat' dir='ltr'>rubei</span> <span class='ocrx_word' id='word_1_175' title='bbox 823 2744 935 2809; x_wconf 81' lang='lat' dir='ltr'>eoloris</span> <span class='ocrx_word' id='word_1_176' title='bbox 958 2744 1126 2828; x_wconf 85' lang='lat' dir='ltr'>inpendens</span> <span class='ocrx_word' id='word_1_177' title='bbox 1146 2743 1287 2819; x_wconf 90' lang='lat' dir='ltr'>bullatas,</span> 
     </span>
     <span class='ocr_line' id='line_1_22' title="bbox 82 2852 1285 2937; baseline 0.002 -21"><span class='ocrx_word' id='word_1_178' title='bbox 82 2874 141 2918; x_wconf 90' lang='lat' dir='ltr'>non</span> <span class='ocrx_word' id='word_1_179' title='bbox 155 2854 294 2925; x_wconf 79' lang='lat' dir='ltr'>violatas,</span> <span class='ocrx_word' id='word_1_180' title='bbox 312 2874 372 2919; x_wconf 93' lang='lat' dir='ltr'>non</span> <span class='ocrx_word' id='word_1_181' title='bbox 388 2852 590 2929; x_wconf 72' lang='lat' dir='ltr'>eaneellatm,</span> <span class='ocrx_word' id='word_1_182' title='bbox 606 2874 664 2918; x_wconf 85' lang='lat' dir='ltr'>neo</span> <span class='ocrx_word' id='word_1_183' title='bbox 679 2854 711 2916; x_wconf 94' lang='lat' dir='ltr'>in</span> <span class='ocrx_word' id='word_1_184' title='bbox 727 2854 827 2937; x_wconf 91' lang='lat' dir='ltr'>aliqua</span> <span class='ocrx_word' id='word_1_185' title='bbox 850 2853 898 2919; x_wconf 82' lang='lat' dir='ltr'>sui</span> <span class='ocrx_word' id='word_1_186' title='bbox 918 2859 1007 2937; x_wconf 80' lang='lat' dir='ltr'>parte</span> <span class='ocrx_word' id='word_1_187' title='bbox 1029 2860 1206 2937; x_wconf 80' lang='lat' dir='ltr'>suspectos,</span> <span class='ocrx_word' id='word_1_188' title='bbox 1230 2854 1285 2919; x_wconf 87' lang='lat' dir='ltr'>sed</span> 
     </span>
     <span class='ocr_line' id='line_1_23' title="bbox 82 2961 1286 3046; baseline -0.001 -19"><span class='ocrx_word' id='word_1_189' title='bbox 82 2983 213 3046; x_wconf 88' lang='lat' dir='ltr'>prorsus</span> <span class='ocrx_word' id='word_1_190' title='bbox 231 2964 310 3026; x_wconf 88' lang='lat' dir='ltr'>omni</span> <span class='ocrx_word' id='word_1_191' title='bbox 338 2964 417 3027; x_wconf 84' lang='lat' dir='ltr'>uieio</span> <span class='ocrx_word' id='word_1_192' title='bbox 445 2967 477 3025; x_wconf 89' lang='lat' dir='ltr'>et</span> <span class='ocrx_word' id='word_1_193' title='bbox 491 2964 667 3046; x_wconf 76' lang='lat' dir='ltr'>suspicione</span> <span class='ocrx_word' id='word_1_194' title='bbox 684 2967 837 3035; x_wconf 77' lang='lat' dir='ltr'>carentes,</span> <span class='ocrx_word' id='word_1_195' title='bbox 866 2961 1034 3027; x_wconf 84' lang='lat' dir='ltr'>obtinuisse</span> <span class='ocrx_word' id='word_1_196' title='bbox 1062 2968 1093 3026; x_wconf 88' lang='lat' dir='ltr'>et</span> <span class='ocrx_word' id='word_1_197' title='bbox 1119 2964 1286 3046; x_wconf 75' lang='lat' dir='ltr'>recepisse,</span> 
     </span>
     <span class='ocr_line' id='line_1_24' title="bbox 82 3069 1283 3157; baseline 0.003 -23"><span class='ocrx_word' id='word_1_198' title='bbox 82 3091 209 3156; x_wconf 86' lang='lat' dir='ltr'>quarum</span> <span class='ocrx_word' id='word_1_199' title='bbox 231 3074 318 3135; x_wconf 80' lang='lat' dir='ltr'>teum</span> <span class='ocrx_word' id='word_1_200' title='bbox 344 3072 382 3136; x_wconf 90' lang='lat' dir='ltr'>de</span> <span class='ocrx_word' id='word_1_201' title='bbox 410 3071 505 3135; x_wconf 88' lang='lat' dir='ltr'>uerbo</span> <span class='ocrx_word' id='word_1_202' title='bbox 532 3072 569 3135; x_wconf 89' lang='lat' dir='ltr'>ad</span> <span class='ocrx_word' id='word_1_203' title='bbox 592 3069 717 3137; x_wconf 84' lang='lat' dir='ltr'>uerbum</span> <span class='ocrx_word' id='word_1_204' title='bbox 741 3074 879 3157; x_wconf 87' lang='lat' dir='ltr'>sequitur</span> <span class='ocrx_word' id='word_1_205' title='bbox 902 3078 933 3136; x_wconf 86' lang='lat' dir='ltr'>et</span> <span class='ocrx_word' id='word_1_206' title='bbox 957 3074 1005 3135; x_wconf 85' lang='lat' dir='ltr'>est</span> <span class='ocrx_word' id='word_1_207' title='bbox 1026 3072 1112 3135; x_wconf 87' lang='lat' dir='ltr'>talis:</span> <span class='ocrx_word' id='word_1_208' title='bbox 1139 3072 1283 3138; x_wconf 83' lang='lat' dir='ltr'>Urbanus</span> 
     </span>
     <span class='ocr_line' id='line_1_25' title="bbox 82 3180 1281 3264; baseline 0.001 -20"><span class='ocrx_word' id='word_1_209' title='bbox 82 3183 250 3264; x_wconf 85' lang='lat' dir='ltr'>episeopus</span> <span class='ocrx_word' id='word_1_210' title='bbox 283 3201 390 3245; x_wconf 88' lang='lat' dir='ltr'>seruus</span> <span class='ocrx_word' id='word_1_211' title='bbox 420 3201 575 3245; x_wconf 88' lang='lat' dir='ltr'>seruorum</span> <span class='ocrx_word' id='word_1_212' title='bbox 607 3182 656 3245; x_wconf 88' lang='lat' dir='ltr'>dei</span> <span class='ocrx_word' id='word_1_213' title='bbox 680 3180 808 3245; x_wconf 79' lang='lat' dir='ltr'>[illectis</span> <span class='ocrx_word' id='word_1_214' title='bbox 835 3180 903 3244; x_wconf 87' lang='lat' dir='ltr'>liliis</span> <span class='ocrx_word' id='word_1_215' title='bbox 931 3181 1081 3245; x_wconf 86' lang='lat' dir='ltr'>uniuersis</span> <span class='ocrx_word' id='word_1_216' title='bbox 1112 3180 1281 3254; x_wconf 87' lang='lat' dir='ltr'>abbatibus,</span> 
     </span>
     <span class='ocr_line' id='line_1_26' title="bbox 83 3287 1285 3376; baseline 0.001 -22"><span class='ocrx_word' id='word_1_217' title='bbox 83 3290 239 3374; x_wconf 84' lang='lat' dir='ltr'>prioribus</span> <span class='ocrx_word' id='word_1_218' title='bbox 255 3297 287 3354; x_wconf 89' lang='lat' dir='ltr'>et</span> <span class='ocrx_word' id='word_1_219' title='bbox 302 3290 468 3364; x_wconf 81' lang='lat' dir='ltr'>monacbis,</span> <span class='ocrx_word' id='word_1_220' title='bbox 483 3291 656 3376; x_wconf 78' lang='lat' dir='ltr'>ceterisque</span> <span class='ocrx_word' id='word_1_221' title='bbox 671 3292 811 3374; x_wconf 84' lang='lat' dir='ltr'>personis</span> <span class='ocrx_word' id='word_1_222' title='bbox 827 3291 984 3375; x_wconf 84' lang='lat' dir='ltr'>vtriusque</span> <span class='ocrx_word' id='word_1_223' title='bbox 997 3310 1086 3355; x_wconf 83' lang='lat' dir='ltr'>sexus</span> <span class='ocrx_word' id='word_1_224' title='bbox 1099 3287 1285 3355; x_wconf 77' lang='lat' dir='ltr'>cistercien-</span> 
     </span>
     <span class='ocr_line' id='line_1_27' title="bbox 83 3399 1284 3484; baseline 0.002 -22"><span class='ocrx_word' id='word_1_225' title='bbox 83 3401 127 3463; x_wconf 86' lang='lat' dir='ltr'>sis</span> <span class='ocrx_word' id='word_1_226' title='bbox 145 3400 260 3463; x_wconf 86' lang='lat' dir='ltr'>ordinis</span> <span class='ocrx_word' id='word_1_227' title='bbox 277 3399 413 3465; x_wconf 80' lang='lat' dir='ltr'>Salutem</span> <span class='ocrx_word' id='word_1_228' title='bbox 429 3404 462 3463; x_wconf 84' lang='lat' dir='ltr'>ot</span> <span class='ocrx_word' id='word_1_229' title='bbox 476 3399 673 3484; x_wconf 76' lang='lat' dir='ltr'>apostolicam</span> <span class='ocrx_word' id='word_1_230' title='bbox 690 3400 943 3465; x_wconf 85' lang='lat' dir='ltr'>benedietionem.</span> <span class='ocrx_word' id='word_1_231' title='bbox 969 3399 1114 3463; x_wconf 88' lang='lat' dir='ltr'>Proueuit</span> <span class='ocrx_word' id='word_1_232' title='bbox 1129 3419 1165 3463; x_wconf 84' lang='lat' dir='ltr'>ex</span> <span class='ocrx_word' id='word_1_233' title='bbox 1181 3405 1284 3465; x_wconf 83' lang='lat' dir='ltr'>vestre</span> 
     </span>
     <span class='ocr_line' id='line_1_28' title="bbox 83 3508 1284 3592; baseline -0.001 -20"><span class='ocrx_word' id='word_1_234' title='bbox 83 3510 257 3575; x_wconf 87' lang='lat' dir='ltr'>deuotionis</span> <span class='ocrx_word' id='word_1_235' title='bbox 273 3509 393 3581; x_wconf 80' lang='lat' dir='ltr'>adactu,</span> <span class='ocrx_word' id='word_1_236' title='bbox 410 3527 468 3592; x_wconf 91' lang='lat' dir='ltr'>quo</span> <span class='ocrx_word' id='word_1_237' title='bbox 485 3528 542 3572; x_wconf 92' lang='lat' dir='ltr'>nos</span> <span class='ocrx_word' id='word_1_238' title='bbox 557 3513 590 3573; x_wconf 90' lang='lat' dir='ltr'>et</span> <span class='ocrx_word' id='word_1_239' title='bbox 604 3508 765 3574; x_wconf 85' lang='lat' dir='ltr'>Romanam</span> <span class='ocrx_word' id='word_1_240' title='bbox 781 3508 943 3575; x_wconf 75' lang='lat' dir='ltr'>eeclesiam</span> <span class='ocrx_word' id='word_1_241' title='bbox 956 3528 1143 3581; x_wconf 85' lang='lat' dir='ltr'>reueremur,</span> <span class='ocrx_word' id='word_1_242' title='bbox 1161 3514 1193 3572; x_wconf 91' lang='lat' dir='ltr'>ut</span> <span class='ocrx_word' id='word_1_243' title='bbox 1203 3510 1284 3591; x_wconf 87' lang='lat' dir='ltr'>peti-</span> 
     </span>
     <span class='ocr_line' id='line_1_29' title="bbox 83 3616 1283 3703; baseline -0.001 -22"><span class='ocrx_word' id='word_1_244' title='bbox 83 3618 191 3682; x_wconf 76' lang='lat' dir='ltr'>eionss</span> <span class='ocrx_word' id='word_1_245' title='bbox 218 3623 350 3690; x_wconf 81' lang='lat' dir='ltr'>vestros,</span> <span class='ocrx_word' id='word_1_246' title='bbox 375 3616 443 3681; x_wconf 85' lang='lat' dir='ltr'>illas</span> <span class='ocrx_word' id='word_1_247' title='bbox 473 3620 653 3700; x_wconf 83' lang='lat' dir='ltr'>presertim,</span> <span class='ocrx_word' id='word_1_248' title='bbox 681 3640 741 3703; x_wconf 81' lang='lat' dir='ltr'>que</span> <span class='ocrx_word' id='word_1_249' title='bbox 769 3620 931 3683; x_wconf 84' lang='lat' dir='ltr'>animarum</span> <span class='ocrx_word' id='word_1_250' title='bbox 960 3624 1129 3681; x_wconf 84' lang='lat' dir='ltr'>vestrarum</span> <span class='ocrx_word' id='word_1_251' title='bbox 1158 3617 1283 3681; x_wconf 83' lang='lat' dir='ltr'>salutem</span> 
     </span>
     <span class='ocr_line' id='line_1_30' title="bbox 82 3725 1285 3810; baseline -0.001 -20"><span class='ocrx_word' id='word_1_252' title='bbox 82 3727 270 3810; x_wconf 70' lang='lat' dir='ltr'>respiciunt,</span> <span class='ocrx_word' id='word_1_253' title='bbox 294 3726 330 3791; x_wconf 87' lang='lat' dir='ltr'>ad</span> <span class='ocrx_word' id='word_1_254' title='bbox 352 3726 552 3792; x_wconf 76' lang='lat' dir='ltr'>exauditionis</span> <span class='ocrx_word' id='word_1_255' title='bbox 568 3728 701 3810; x_wconf 79' lang='lat' dir='ltr'>grueitun</span> <span class='ocrx_word' id='word_1_256' title='bbox 717 3726 918 3792; x_wconf 83' lang='lat' dir='ltr'>admittamus.</span> <span class='ocrx_word' id='word_1_257' title='bbox 945 3725 1020 3789; x_wconf 87' lang='lat' dir='ltr'>llinn</span> <span class='ocrx_word' id='word_1_258' title='bbox 1037 3730 1101 3797; x_wconf 86' lang='lat' dir='ltr'>est,</span> <span class='ocrx_word' id='word_1_259' title='bbox 1127 3726 1205 3809; x_wconf 89' lang='lat' dir='ltr'>quod</span> <span class='ocrx_word' id='word_1_260' title='bbox 1231 3746 1285 3789; x_wconf 90' lang='lat' dir='ltr'>nos</span> 
     </span>
     <span class='ocr_line' id='line_1_31' title="bbox 83 3832 1284 3920; baseline -0.002 -21"><span class='ocrx_word' id='word_1_261' title='bbox 83 3836 200 3899; x_wconf 88' lang='lat' dir='ltr'>uestris</span> <span class='ocrx_word' id='word_1_262' title='bbox 215 3835 491 3920; x_wconf 79' lang='lat' dir='ltr'>supplimeionibus</span> <span class='ocrx_word' id='word_1_263' title='bbox 508 3834 654 3907; x_wconf 81' lang='lat' dir='ltr'>inclinati,</span> <span class='ocrx_word' id='word_1_264' title='bbox 671 3839 704 3901; x_wconf 88' lang='lat' dir='ltr'>ut</span> <span class='ocrx_word' id='word_1_265' title='bbox 717 3833 893 3911; x_wconf 76' lang='lat' dir='ltr'>confessor,</span> <span class='ocrx_word' id='word_1_266' title='bbox 906 3854 996 3919; x_wconf 87' lang='lat' dir='ltr'>quem</span> <span class='ocrx_word' id='word_1_267' title='bbox 1008 3832 1136 3919; x_wconf 82' lang='lat' dir='ltr'>quilibet</span> <span class='ocrx_word' id='word_1_268' title='bbox 1151 3838 1284 3899; x_wconf 82' lang='lat' dir='ltr'>restrum</span> 
     </span>
     <span class='ocr_line' id='line_1_32' title="bbox 83 3942 1285 4030; baseline 0 -21"><span class='ocrx_word' id='word_1_269' title='bbox 83 3945 206 4012; x_wconf 84' lang='lat' dir='ltr'>duxerit</span> <span class='ocrx_word' id='word_1_270' title='bbox 221 3944 410 4027; x_wconf 82' lang='lat' dir='ltr'>eligendum,</span> <span class='ocrx_word' id='word_1_271' title='bbox 427 3946 557 4011; x_wconf 91' lang='lat' dir='ltr'>omnium</span> <span class='ocrx_word' id='word_1_272' title='bbox 581 3950 775 4030; x_wconf 80' lang='lat' dir='ltr'>peecatorum</span> <span class='ocrx_word' id='word_1_273' title='bbox 793 3949 984 4016; x_wconf 80' lang='lat' dir='ltr'>uestrorum,</span> <span class='ocrx_word' id='word_1_274' title='bbox 1009 3942 1173 4029; x_wconf 87' lang='lat' dir='ltr'>dequibus</span> <span class='ocrx_word' id='word_1_275' title='bbox 1191 3943 1285 4009; x_wconf 86' lang='lat' dir='ltr'>eorde</span> 
     </span>
     <span class='ocr_line' id='line_1_33' title="bbox 83 4051 1283 4136; baseline -0.002 -17"><span class='ocrx_word' id='word_1_276' title='bbox 83 4054 209 4119; x_wconf 84' lang='lat' dir='ltr'>enutriti</span> <span class='ocrx_word' id='word_1_277' title='bbox 226 4060 258 4118; x_wconf 88' lang='lat' dir='ltr'>et</span> <span class='ocrx_word' id='word_1_278' title='bbox 273 4074 326 4117; x_wconf 92' lang='lat' dir='ltr'>ore</span> <span class='ocrx_word' id='word_1_279' title='bbox 342 4056 477 4119; x_wconf 82' lang='lat' dir='ltr'>eousessi</span> <span class='ocrx_word' id='word_1_280' title='bbox 493 4055 616 4126; x_wconf 81' lang='lat' dir='ltr'>luerint</span> <span class='ocrx_word' id='word_1_281' title='bbox 632 4056 729 4119; x_wconf 89' lang='lat' dir='ltr'>semel</span> <span class='ocrx_word' id='word_1_282' title='bbox 744 4059 859 4119; x_wconf 85' lang='lat' dir='ltr'>tontum</span> <span class='ocrx_word' id='word_1_283' title='bbox 881 4056 910 4116; x_wconf 91' lang='lat' dir='ltr'>in</span> <span class='ocrx_word' id='word_1_284' title='bbox 934 4054 1039 4117; x_wconf 86' lang='lat' dir='ltr'>mortis</span> <span class='ocrx_word' id='word_1_285' title='bbox 1064 4052 1192 4117; x_wconf 82' lang='lat' dir='ltr'>articulo</span> <span class='ocrx_word' id='word_1_286' title='bbox 1216 4051 1283 4136; x_wconf 90' lang='lat' dir='ltr'>ple-</span> 
     </span>
     <span class='ocr_line' id='line_1_34' title="bbox 87 4162 1286 4229; baseline 0 -2"><span class='ocrx_word' id='word_1_287' title='bbox 87 4184 157 4227; x_wconf 87' lang='lat' dir='ltr'>nam</span> <span class='ocrx_word' id='word_1_288' title='bbox 173 4162 384 4228; x_wconf 88' lang='lat' dir='ltr'>remissionem</span> <span class='ocrx_word' id='word_1_289' title='bbox 405 4164 493 4229; x_wconf 83' lang='lat' dir='ltr'>robis</span> <span class='ocrx_word' id='word_1_290' title='bbox 517 4166 548 4229; x_wconf 92' lang='lat' dir='ltr'>in</span> <span class='ocrx_word' id='word_1_291' title='bbox 568 4163 746 4229; x_wconf 76' lang='lat' dir='ltr'>sinceritate</span> <span class='ocrx_word' id='word_1_292' title='bbox 762 4162 834 4227; x_wconf 86' lang='lat' dir='ltr'>fidei</span> <span class='ocrx_word' id='word_1_293' title='bbox 852 4170 883 4226; x_wconf 87' lang='lat' dir='ltr'>et</span> <span class='ocrx_word' id='word_1_294' title='bbox 899 4163 1013 4227; x_wconf 74' lang='lat' dir='ltr'>onitate</span> <span class='ocrx_word' id='word_1_295' title='bbox 1029 4165 1136 4226; x_wconf 82' lang='lat' dir='ltr'>sanate</span> <span class='ocrx_word' id='word_1_296' title='bbox 1152 4162 1286 4227; x_wconf 85' lang='lat' dir='ltr'>Romane</span> 
     </span>
     <span class='ocr_line' id='line_1_35' title="bbox 84 4272 1284 4339; baseline -0.001 -2"><span class='ocrx_word' id='word_1_297' title='bbox 84 4272 222 4339; x_wconf 85' lang='lat' dir='ltr'>eoelesie</span> <span class='ocrx_word' id='word_1_298' title='bbox 239 4292 274 4335; x_wconf 83' lang='lat' dir='ltr'>ao</span> <span class='ocrx_word' id='word_1_299' title='bbox 290 4272 469 4337; x_wconf 77' lang='lat' dir='ltr'>obediencia</span> <span class='ocrx_word' id='word_1_300' title='bbox 486 4278 519 4335; x_wconf 89' lang='lat' dir='ltr'>et</span> <span class='ocrx_word' id='word_1_301' title='bbox 535 4273 705 4337; x_wconf 86' lang='lat' dir='ltr'>deuoeione</span> <span class='ocrx_word' id='word_1_302' title='bbox 726 4277 830 4336; x_wconf 89' lang='lat' dir='ltr'>nostra</span> <span class='ocrx_word' id='word_1_303' title='bbox 855 4273 904 4336; x_wconf 92' lang='lat' dir='ltr'>uel</span> <span class='ocrx_word' id='word_1_304' title='bbox 926 4290 1139 4336; x_wconf 84' lang='lat' dir='ltr'>suceessorum</span> <span class='ocrx_word' id='word_1_305' title='bbox 1162 4276 1284 4336; x_wconf 87' lang='lat' dir='ltr'>unstro-</span> 
     </span>
     <span class='ocr_line' id='line_1_36' title="bbox 84 4381 1284 4466; baseline -0.001 -20"><span class='ocrx_word' id='word_1_306' title='bbox 84 4404 151 4447; x_wconf 88' lang='lat' dir='ltr'>rum</span> <span class='ocrx_word' id='word_1_307' title='bbox 165 4382 365 4446; x_wconf 86' lang='lat' dir='ltr'>Romanorum</span> <span class='ocrx_word' id='word_1_308' title='bbox 382 4382 558 4466; x_wconf 87' lang='lat' dir='ltr'>pontilioum</span> <span class='ocrx_word' id='word_1_309' title='bbox 573 4382 719 4447; x_wconf 77' lang='lat' dir='ltr'>canoniae</span> <span class='ocrx_word' id='word_1_310' title='bbox 734 4382 909 4447; x_wconf 87' lang='lat' dir='ltr'>intrantium</span> <span class='ocrx_word' id='word_1_311' title='bbox 925 4381 1160 4466; x_wconf 88' lang='lat' dir='ltr'>persistentibus</span> <span class='ocrx_word' id='word_1_312' title='bbox 1178 4388 1284 4445; x_wconf 85' lang='lat' dir='ltr'>auoto-</span> 
     </span>
     <span class='ocr_line' id='line_1_37' title="bbox 83 4490 1283 4575; baseline -0.003 -19"><span class='ocrx_word' id='word_1_313' title='bbox 83 4493 175 4556; x_wconf 84' lang='lat' dir='ltr'>rilate</span> <span class='ocrx_word' id='word_1_314' title='bbox 191 4490 357 4575; x_wconf 86' lang='lat' dir='ltr'>apostoliea</span> <span class='ocrx_word' id='word_1_315' title='bbox 374 4490 548 4556; x_wconf 80' lang='lat' dir='ltr'>concedere</span> <span class='ocrx_word' id='word_1_316' title='bbox 562 4492 670 4562; x_wconf 83' lang='lat' dir='ltr'>ualent.</span> <span class='ocrx_word' id='word_1_317' title='bbox 688 4490 843 4556; x_wconf 89' lang='lat' dir='ltr'>deuotioni</span> <span class='ocrx_word' id='word_1_318' title='bbox 859 4495 961 4555; x_wconf 84' lang='lat' dir='ltr'>restra</span> <span class='ocrx_word' id='word_1_319' title='bbox 972 4497 1079 4555; x_wconf 84' lang='lat' dir='ltr'>tenore</span> <span class='ocrx_word' id='word_1_320' title='bbox 1096 4490 1283 4555; x_wconf 83' lang='lat' dir='ltr'>Prosentium</span> 
     </span>
     <span class='ocr_line' id='line_1_38' title="bbox 83 4600 1281 4686; baseline -0.003 -19"><span class='ocrx_word' id='word_1_321' title='bbox 83 4600 288 4684; x_wconf 78' lang='lat' dir='ltr'>indulgemusr</span> <span class='ocrx_word' id='word_1_322' title='bbox 315 4602 362 4667; x_wconf 87' lang='lat' dir='ltr'>sio</span> <span class='ocrx_word' id='word_1_323' title='bbox 387 4608 507 4678; x_wconf 83' lang='lat' dir='ltr'>tamen,</span> <span class='ocrx_word' id='word_1_324' title='bbox 538 4600 619 4686; x_wconf 83' lang='lat' dir='ltr'>quod</span> <span class='ocrx_word' id='word_1_325' title='bbox 645 4600 726 4666; x_wconf 87' lang='lat' dir='ltr'>idum</span> <span class='ocrx_word' id='word_1_326' title='bbox 753 4602 914 4667; x_wconf 80' lang='lat' dir='ltr'>noniessor</span> <span class='ocrx_word' id='word_1_327' title='bbox 942 4600 980 4665; x_wconf 87' lang='lat' dir='ltr'>de</span> <span class='ocrx_word' id='word_1_328' title='bbox 1006 4600 1082 4674; x_wconf 86' lang='lat' dir='ltr'>biis,</span> <span class='ocrx_word' id='word_1_329' title='bbox 1111 4600 1281 4685; x_wconf 87' lang='lat' dir='ltr'>dequibus</span> 
     </span>
    </p>
   </div>
   <div class='ocr_carea' id='block_1_9' title="bbox 0 0 1534 5067">
    <p class='ocr_par' dir='ltr' id='par_1_9' title="bbox 0 0 1534 5067">
     <span class='ocr_line' id='line_1_39' title="bbox 0 0 1534 5067; baseline 0 0"><span class='ocrx_word' id='word_1_330' title='bbox 0 0 1534 5067; x_wconf 95' lang='lat' dir='ltr'> </span> 
     </span>
    </p>
   </div>
  </div>
 </body>
</html>
