<?xml version="1.0" encoding="UTF-8"?>
<!DOCTYPE html PUBLIC "-//W3C//DTD XHTML 1.0 Transitional//EN"
    "http://www.w3.org/TR/xhtml1/DTD/xhtml1-transitional.dtd">
<html xmlns="http://www.w3.org/1999/xhtml" xml:lang="en" lang="en">
 <head>
  <title>
</title>
<meta http-equiv="Content-Type" content="text/html;charset=utf-8" />
  <meta name='ocr-system' content='tesseract 3.04.00' />
  <meta name='ocr-capabilities' content='ocr_page ocr_carea ocr_par ocr_line ocrx_word'/>
</head>
<body>
  <div class='ocr_page' id='page_1' title='image "./relationenvenet13fiedgoog_0389.png"; bbox 0 0 3059 5067; ppageno 0'>
   <div class='ocr_carea' id='block_1_1' title="bbox 1190 410 1266 484">
    <p class='ocr_par' dir='ltr' id='par_1_1' title="bbox 1190 410 1266 484">
     <span class='ocr_line' id='line_1_1' title="bbox 1190 410 1266 484; baseline -0.026 0"><span class='ocrx_word' id='word_1_1' title='bbox 1190 410 1266 484; x_wconf 79' lang='lat' dir='ltr'><strong>att</strong></span> 
     </span>
    </p>
   </div>
   <div class='ocr_carea' id='block_1_2' title="bbox 3 567 1269 672">
    <p class='ocr_par' dir='ltr' id='par_1_2' title="bbox 3 567 1269 672">
     <span class='ocr_line' id='line_1_2' title="bbox 3 567 1269 672; baseline -0.002 -19"><span class='ocrx_word' id='word_1_2' title='bbox 3 567 4 583; x_wconf 15' lang='grc' dir='ltr'><strong>ἶ</strong></span> <span class='ocrx_word' id='word_1_3' title='bbox 73 588 208 672; x_wconf 88' lang='lat' dir='ltr'><strong>predicta</strong></span> <span class='ocrx_word' id='word_1_4' title='bbox 227 587 397 672; x_wconf 79' lang='lat' dir='ltr'>parochiali</span> <span class='ocrx_word' id='word_1_5' title='bbox 412 585 544 652; x_wconf 89' lang='lat' dir='ltr'><strong>ecclesia</strong></span> <span class='ocrx_word' id='word_1_6' title='bbox 562 585 665 649; x_wconf 80' lang='lat' dir='ltr'><strong>Sancti</strong></span> <span class='ocrx_word' id='word_1_7' title='bbox 681 585 808 666; x_wconf 80' lang='lat' dir='ltr'><strong>Georgii</strong></span> <span class='ocrx_word' id='word_1_8' title='bbox 834 585 863 649; x_wconf 91' lang='lat' dir='ltr'><strong>in</strong></span> <span class='ocrx_word' id='word_1_9' title='bbox 879 586 994 659; x_wconf 78' lang='lat' dir='ltr'><strong>Aleeb,</strong></span> <span class='ocrx_word' id='word_1_10' title='bbox 1013 593 1114 650; x_wconf 88' lang='lat' dir='ltr'><strong>nostre</strong></span> <span class='ocrx_word' id='word_1_11' title='bbox 1138 585 1269 652; x_wconf 88' lang='lat' dir='ltr'><strong>diocesis</strong></span> 
     </span>
    </p>
   </div>
   <div class='ocr_carea' id='block_1_3' title="bbox 67 694 1332 4136">
    <p class='ocr_par' dir='ltr' id='par_1_3' title="bbox 67 694 1332 2838">
     <span class='ocr_line' id='line_1_3' title="bbox 75 694 1270 781; baseline -0.001 -22"><span class='ocrx_word' id='word_1_12' title='bbox 75 696 212 781; x_wconf 90' lang='lat' dir='ltr'><strong>predicto</strong></span> <span class='ocrx_word' id='word_1_13' title='bbox 227 696 413 761; x_wconf 82' lang='lat' dir='ltr'><strong>blonasterie</strong></span> <span class='ocrx_word' id='word_1_14' title='bbox 429 697 548 762; x_wconf 78' lang='lat' dir='ltr'><em>Sancte</em></span> <span class='ocrx_word' id='word_1_15' title='bbox 565 696 673 761; x_wconf 79' lang='lat' dir='ltr'><strong>Graccis</strong></span> <span class='ocrx_word' id='word_1_16' title='bbox 690 695 719 757; x_wconf 92' lang='lat' dir='ltr'><strong>in</strong></span> <span class='ocrx_word' id='word_1_17' title='bbox 732 694 1067 767; x_wconf 56' lang='lat' dir='ltr'><strong>condecantemus,</strong></span> <span class='ocrx_word' id='word_1_18' title='bbox 1084 716 1138 760; x_wconf 90' lang='lat' dir='ltr'><strong>seu</strong></span> <span class='ocrx_word' id='word_1_19' title='bbox 1152 694 1270 760; x_wconf 91' lang='lat' dir='ltr'><strong>modum</strong></span> 
     </span>
     <span class='ocr_line' id='line_1_4' title="bbox 73 802 1270 890; baseline 0 -23"><span class='ocrx_word' id='word_1_20' title='bbox 73 811 103 868; x_wconf 89' lang='lat' dir='ltr'><strong>et</strong></span> <span class='ocrx_word' id='word_1_21' title='bbox 116 806 244 871; x_wconf 81' lang='lat' dir='ltr'><strong>termam</strong></span> <span class='ocrx_word' id='word_1_22' title='bbox 261 806 293 869; x_wconf 89' lang='lat' dir='ltr'><strong>in</strong></span> <span class='ocrx_word' id='word_1_23' title='bbox 308 804 455 890; x_wconf 72' lang='lat' dir='ltr'><strong>predictis</strong></span> <span class='ocrx_word' id='word_1_24' title='bbox 470 804 582 868; x_wconf 87' lang='lat' dir='ltr'><strong>litteris</strong></span> <span class='ocrx_word' id='word_1_25' title='bbox 606 822 781 887; x_wconf 78' lang='lat' dir='ltr'><strong>expressam</strong></span> <span class='ocrx_word' id='word_1_26' title='bbox 805 804 983 867; x_wconf 87' lang='lat' dir='ltr'><strong>auctoritate</strong></span> <span class='ocrx_word' id='word_1_27' title='bbox 1005 802 1188 887; x_wconf 90' lang='lat' dir='ltr'><strong>apostolica,</strong></span> <span class='ocrx_word' id='word_1_28' title='bbox 1213 824 1270 888; x_wconf 81' lang='lat' dir='ltr'><strong>qua</strong></span> 
     </span>
     <span class='ocr_line' id='line_1_5' title="bbox 73 909 1271 996; baseline 0.002 -20"><span class='ocrx_word' id='word_1_29' title='bbox 73 914 235 994; x_wconf 81' lang='lat' dir='ltr'><strong>fungimur,</strong></span> <span class='ocrx_word' id='word_1_30' title='bbox 252 914 281 976; x_wconf 92' lang='lat' dir='ltr'><strong>in</strong></span> <span class='ocrx_word' id='word_1_31' title='bbox 294 913 351 977; x_wconf 88' lang='lat' dir='ltr'><strong>bac</strong></span> <span class='ocrx_word' id='word_1_32' title='bbox 367 918 453 996; x_wconf 89' lang='lat' dir='ltr'><strong>parte</strong></span> <span class='ocrx_word' id='word_1_33' title='bbox 472 912 693 984; x_wconf 88' lang='lat' dir='ltr'><strong>nonobstante,</strong></span> <span class='ocrx_word' id='word_1_34' title='bbox 717 910 796 996; x_wconf 83' lang='lat' dir='ltr'><strong>qued</strong></span> <span class='ocrx_word' id='word_1_35' title='bbox 810 909 911 976; x_wconf 87' lang='lat' dir='ltr'><strong>littere</strong></span> <span class='ocrx_word' id='word_1_36' title='bbox 923 911 995 975; x_wconf 91' lang='lat' dir='ltr'><strong>dicti</strong></span> <span class='ocrx_word' id='word_1_37' title='bbox 1014 911 1125 975; x_wconf 88' lang='lat' dir='ltr'><strong>domini</strong></span> <span class='ocrx_word' id='word_1_38' title='bbox 1136 912 1271 986; x_wconf 77' lang='lat' dir='ltr'><strong>Allrerti,</strong></span> 
     </span>
     <span class='ocr_line' id='line_1_6' title="bbox 72 1018 1271 1107; baseline 0 -23"><span class='ocrx_word' id='word_1_39' title='bbox 72 1021 305 1105; x_wconf 87' lang='lat' dir='ltr'><strong>predecessoris</strong></span> <span class='ocrx_word' id='word_1_40' title='bbox 314 1022 409 1085; x_wconf 87' lang='lat' dir='ltr'><strong>nostri</strong></span> <span class='ocrx_word' id='word_1_41' title='bbox 425 1041 480 1107; x_wconf 91' lang='lat' dir='ltr'><strong>per</strong></span> <span class='ocrx_word' id='word_1_42' title='bbox 496 1018 689 1084; x_wconf 81' lang='lat' dir='ltr'><strong>tabellionem</strong></span> <span class='ocrx_word' id='word_1_43' title='bbox 702 1018 875 1102; x_wconf 88' lang='lat' dir='ltr'><strong>subscripte</strong></span> <span class='ocrx_word' id='word_1_44' title='bbox 888 1028 919 1083; x_wconf 89' lang='lat' dir='ltr'><strong>et</strong></span> <span class='ocrx_word' id='word_1_45' title='bbox 931 1020 1049 1103; x_wconf 86' lang='lat' dir='ltr'><strong>signate</strong></span> <span class='ocrx_word' id='word_1_46' title='bbox 1066 1040 1122 1083; x_wconf 91' lang='lat' dir='ltr'><strong>non</strong></span> <span class='ocrx_word' id='word_1_47' title='bbox 1140 1020 1271 1094; x_wconf 80' lang='lat' dir='ltr'><strong>inerunt,</strong></span> 
     </span>
     <span class='ocr_line' id='line_1_7' title="bbox 73 1127 1271 1213; baseline -0.001 -21"><span class='ocrx_word' id='word_1_48' title='bbox 73 1150 108 1192; x_wconf 80' lang='lat' dir='ltr'><strong>ex</strong></span> <span class='ocrx_word' id='word_1_49' title='bbox 125 1135 212 1193; x_wconf 85' lang='lat' dir='ltr'><strong>certa</strong></span> <span class='ocrx_word' id='word_1_50' title='bbox 228 1131 363 1193; x_wconf 86' lang='lat' dir='ltr'><strong>sciencia</strong></span> <span class='ocrx_word' id='word_1_51' title='bbox 380 1128 580 1213; x_wconf 85' lang='lat' dir='ltr'><strong>approbamus</strong></span> <span class='ocrx_word' id='word_1_52' title='bbox 596 1135 628 1191; x_wconf 89' lang='lat' dir='ltr'><strong>et</strong></span> <span class='ocrx_word' id='word_1_53' title='bbox 645 1128 856 1192; x_wconf 86' lang='lat' dir='ltr'><strong>confirmamus</strong></span> <span class='ocrx_word' id='word_1_54' title='bbox 873 1129 902 1190; x_wconf 92' lang='lat' dir='ltr'><strong>in</strong></span> <span class='ocrx_word' id='word_1_55' title='bbox 929 1127 987 1192; x_wconf 92' lang='lat' dir='ltr'><strong>hiis</strong></span> <span class='ocrx_word' id='word_1_56' title='bbox 1014 1129 1154 1211; x_wconf 86' lang='lat' dir='ltr'><strong>scriptis,</strong></span> <span class='ocrx_word' id='word_1_57' title='bbox 1182 1128 1271 1193; x_wconf 92' lang='lat' dir='ltr'><strong>nobis</strong></span> 
     </span>
     <span class='ocr_line' id='line_1_8' title="bbox 74 1235 1270 1319; baseline 0 -20"><span class='ocrx_word' id='word_1_58' title='bbox 74 1236 300 1303; x_wconf 87' lang='lat' dir='ltr'><strong>nicbillemiuas</strong></span> <span class='ocrx_word' id='word_1_59' title='bbox 317 1237 423 1301; x_wconf 89' lang='lat' dir='ltr'><strong>eadem</strong></span> <span class='ocrx_word' id='word_1_60' title='bbox 439 1237 619 1301; x_wconf 89' lang='lat' dir='ltr'><strong>auctoritate</strong></span> <span class='ocrx_word' id='word_1_61' title='bbox 636 1242 795 1300; x_wconf 82' lang='lat' dir='ltr'><strong>reserante</strong></span> <span class='ocrx_word' id='word_1_62' title='bbox 810 1235 991 1319; x_wconf 85' lang='lat' dir='ltr'><strong>assignando</strong></span> <span class='ocrx_word' id='word_1_63' title='bbox 1008 1240 1206 1319; x_wconf 89' lang='lat' dir='ltr'><strong>potestatem,</strong></span> <span class='ocrx_word' id='word_1_64' title='bbox 1231 1237 1270 1300; x_wconf 91' lang='lat' dir='ltr'><strong>de</strong></span> 
     </span>
     <span class='ocr_line' id='line_1_9' title="bbox 72 1343 1271 1430; baseline 0.001 -23"><span class='ocrx_word' id='word_1_65' title='bbox 72 1343 244 1418; x_wconf 79' lang='lat' dir='ltr'><strong>fructibus,</strong></span> <span class='ocrx_word' id='word_1_66' title='bbox 273 1345 441 1412; x_wconf 83' lang='lat' dir='ltr'><strong>redditibus</strong></span> <span class='ocrx_word' id='word_1_67' title='bbox 468 1351 498 1409; x_wconf 85' lang='lat' dir='ltr'><strong>et</strong></span> <span class='ocrx_word' id='word_1_68' title='bbox 526 1344 724 1430; x_wconf 91' lang='lat' dir='ltr'><strong>prouentibus</strong></span> <span class='ocrx_word' id='word_1_69' title='bbox 751 1345 846 1428; x_wconf 89' lang='lat' dir='ltr'><strong>ipsius</strong></span> <span class='ocrx_word' id='word_1_70' title='bbox 874 1344 1055 1428; x_wconf 87' lang='lat' dir='ltr'><strong>parochialis</strong></span> <span class='ocrx_word' id='word_1_71' title='bbox 1085 1344 1220 1409; x_wconf 84' lang='lat' dir='ltr'><strong>ecclesie</strong></span> <span class='ocrx_word' id='word_1_72' title='bbox 1241 1348 1271 1409; x_wconf 91' lang='lat' dir='ltr'><strong>in</strong></span> 
     </span>
     <span class='ocr_line' id='line_1_10' title="bbox 70 1452 1271 1538; baseline 0 -21"><span class='ocrx_word' id='word_1_73' title='bbox 70 1453 188 1529; x_wconf 81' lang='lat' dir='ltr'><strong>Alecb,</strong></span> <span class='ocrx_word' id='word_1_74' title='bbox 211 1452 238 1515; x_wconf 91' lang='lat' dir='ltr'><strong>si</strong></span> <span class='ocrx_word' id='word_1_75' title='bbox 262 1455 346 1536; x_wconf 88' lang='lat' dir='ltr'><strong>prius</strong></span> <span class='ocrx_word' id='word_1_76' title='bbox 369 1454 521 1536; x_wconf 86' lang='lat' dir='ltr'><strong>assignata</strong></span> <span class='ocrx_word' id='word_1_77' title='bbox 548 1473 607 1517; x_wconf 93' lang='lat' dir='ltr'><strong>non</strong></span> <span class='ocrx_word' id='word_1_78' title='bbox 625 1454 730 1525; x_wconf 81' lang='lat' dir='ltr'><strong>luerit,</strong></span> <span class='ocrx_word' id='word_1_79' title='bbox 753 1471 917 1534; x_wconf 78' lang='lat' dir='ltr'><strong>congruam</strong></span> <span class='ocrx_word' id='word_1_80' title='bbox 941 1454 1134 1537; x_wconf 86' lang='lat' dir='ltr'><strong>porcionem,</strong></span> <span class='ocrx_word' id='word_1_81' title='bbox 1151 1454 1189 1519; x_wconf 88' lang='lat' dir='ltr'><strong>de</strong></span> <span class='ocrx_word' id='word_1_82' title='bbox 1213 1472 1271 1538; x_wconf 88' lang='lat' dir='ltr'><strong>qua</strong></span> 
     </span>
     <span class='ocr_line' id='line_1_11' title="bbox 71 1560 1270 1645; baseline 0.002 -20"><span class='ocrx_word' id='word_1_83' title='bbox 71 1582 209 1645; x_wconf 84' lang='lat' dir='ltr'><strong>congrue</strong></span> <span class='ocrx_word' id='word_1_84' title='bbox 226 1560 403 1638; x_wconf 88' lang='lat' dir='ltr'><strong>sustentari,</strong></span> <span class='ocrx_word' id='word_1_85' title='bbox 418 1561 606 1645; x_wconf 88' lang='lat' dir='ltr'><strong>episcopalia</strong></span> <span class='ocrx_word' id='word_1_86' title='bbox 621 1562 687 1624; x_wconf 86' lang='lat' dir='ltr'><strong>iura</strong></span> <span class='ocrx_word' id='word_1_87' title='bbox 704 1561 825 1625; x_wconf 89' lang='lat' dir='ltr'><strong>soluere</strong></span> <span class='ocrx_word' id='word_1_88' title='bbox 840 1562 940 1626; x_wconf 79' lang='lat' dir='ltr'><strong>salnai</strong></span> <span class='ocrx_word' id='word_1_89' title='bbox 956 1568 987 1627; x_wconf 89' lang='lat' dir='ltr'><strong>et</strong></span> <span class='ocrx_word' id='word_1_90' title='bbox 1002 1562 1060 1627; x_wconf 89' lang='lat' dir='ltr'><strong>alia</strong></span> <span class='ocrx_word' id='word_1_91' title='bbox 1077 1562 1136 1627; x_wconf 91' lang='lat' dir='ltr'><strong>sibi</strong></span> <span class='ocrx_word' id='word_1_92' title='bbox 1151 1564 1270 1628; x_wconf 85' lang='lat' dir='ltr'><strong>iocum·</strong></span> 
     </span>
     <span class='ocr_line' id='line_1_12' title="bbox 70 1670 1271 1755; baseline 0.002 -20"><span class='ocrx_word' id='word_1_93' title='bbox 70 1670 181 1735; x_wconf 86' lang='lat' dir='ltr'><strong>bencia</strong></span> <span class='ocrx_word' id='word_1_94' title='bbox 199 1689 291 1733; x_wconf 89' lang='lat' dir='ltr'><strong>onera</strong></span> <span class='ocrx_word' id='word_1_95' title='bbox 307 1676 490 1755; x_wconf 85' lang='lat' dir='ltr'><strong>supportare</strong></span> <span class='ocrx_word' id='word_1_96' title='bbox 506 1690 561 1753; x_wconf 86' lang='lat' dir='ltr'><strong>pro</strong></span> <span class='ocrx_word' id='word_1_97' title='bbox 577 1674 726 1754; x_wconf 88' lang='lat' dir='ltr'><strong>perpetuo</strong></span> <span class='ocrx_word' id='word_1_98' title='bbox 742 1670 857 1735; x_wconf 77' lang='lat' dir='ltr'><strong>vicario</strong></span> <span class='ocrx_word' id='word_1_99' title='bbox 873 1672 904 1735; x_wconf 92' lang='lat' dir='ltr'><strong>in</strong></span> <span class='ocrx_word' id='word_1_100' title='bbox 921 1692 956 1735; x_wconf 89' lang='lat' dir='ltr'><strong>ea</strong></span> <span class='ocrx_word' id='word_1_101' title='bbox 972 1671 1092 1736; x_wconf 86' lang='lat' dir='ltr'><strong>domino</strong></span> <span class='ocrx_word' id='word_1_102' title='bbox 1109 1675 1271 1746; x_wconf 86' lang='lat' dir='ltr'><strong>seruituro,</strong></span> 
     </span>
     <span class='ocr_line' id='line_1_13' title="bbox 69 1778 1273 1864; baseline 0 -21"><span class='ocrx_word' id='word_1_103' title='bbox 69 1780 100 1843; x_wconf 85' lang='lat' dir='ltr'><strong>ln</strong></span> <span class='ocrx_word' id='word_1_104' title='bbox 128 1798 258 1863; x_wconf 80' lang='lat' dir='ltr'><strong>quorum</strong></span> <span class='ocrx_word' id='word_1_105' title='bbox 285 1779 416 1843; x_wconf 87' lang='lat' dir='ltr'><strong>emnium</strong></span> <span class='ocrx_word' id='word_1_106' title='bbox 443 1778 532 1842; x_wconf 88' lang='lat' dir='ltr'><strong>iidem</strong></span> <span class='ocrx_word' id='word_1_107' title='bbox 559 1785 592 1842; x_wconf 92' lang='lat' dir='ltr'><strong>et</strong></span> <span class='ocrx_word' id='word_1_108' title='bbox 616 1778 820 1845; x_wconf 85' lang='lat' dir='ltr'><strong>testimonium</strong></span> <span class='ocrx_word' id='word_1_109' title='bbox 847 1785 1006 1863; x_wconf 86' lang='lat' dir='ltr'><strong>presentes</strong></span> <span class='ocrx_word' id='word_1_110' title='bbox 1033 1779 1152 1847; x_wconf 85' lang='lat' dir='ltr'><strong>litteras</strong></span> <span class='ocrx_word' id='word_1_111' title='bbox 1179 1780 1273 1864; x_wconf 89' lang='lat' dir='ltr'><strong>sigilli</strong></span> 
     </span>
     <span class='ocr_line' id='line_1_14' title="bbox 72 1886 1332 1974; baseline 0.002 -23"><span class='ocrx_word' id='word_1_112' title='bbox 72 1888 168 1952; x_wconf 87' lang='lat' dir='ltr'><strong>nostri</strong></span> <span class='ocrx_word' id='word_1_113' title='bbox 193 1888 355 1950; x_wconf 87' lang='lat' dir='ltr'><strong>munimine</strong></span> <span class='ocrx_word' id='word_1_114' title='bbox 370 1906 497 1951; x_wconf 85' lang='lat' dir='ltr'><strong>unacum</strong></span> <span class='ocrx_word' id='word_1_115' title='bbox 518 1886 743 1971; x_wconf 83' lang='lat' dir='ltr'><strong>subscriptione</strong></span> <span class='ocrx_word' id='word_1_116' title='bbox 765 1887 924 1954; x_wconf 68' lang='lat' dir='ltr'><strong>lobannis</strong></span> <span class='ocrx_word' id='word_1_117' title='bbox 938 1888 1144 1974; x_wconf 76' lang='lat' dir='ltr'><strong>Spamdrama&#39;,</strong></span> <span class='ocrx_word' id='word_1_118' title='bbox 1166 1889 1274 1955; x_wconf 88' lang='lat' dir='ltr'><strong>notarii</strong></span> <span class='ocrx_word' id='word_1_119' title='bbox 1331 1922 1332 1927; x_wconf 16' lang='grc' dir='ltr'><strong>κ</strong></span> 
     </span>
     <span class='ocr_line' id='line_1_15' title="bbox 70 1994 1270 2083; baseline 0 -24"><span class='ocrx_word' id='word_1_120' title='bbox 70 1996 189 2080; x_wconf 88' lang='lat' dir='ltr'><strong>publici</strong></span> <span class='ocrx_word' id='word_1_121' title='bbox 204 1996 281 2059; x_wconf 82' lang='lat' dir='ltr'><strong>inira</strong></span> <span class='ocrx_word' id='word_1_122' title='bbox 299 1995 407 2079; x_wconf 89' lang='lat' dir='ltr'><strong>scripti</strong></span> <span class='ocrx_word' id='word_1_123' title='bbox 422 1994 574 2060; x_wconf 90' lang='lat' dir='ltr'><strong>subscribi</strong></span> <span class='ocrx_word' id='word_1_124' title='bbox 604 2000 635 2058; x_wconf 93' lang='lat' dir='ltr'><strong>et</strong></span> <span class='ocrx_word' id='word_1_125' title='bbox 650 1996 757 2060; x_wconf 87' lang='lat' dir='ltr'><strong>muniri</strong></span> <span class='ocrx_word' id='word_1_126' title='bbox 775 1997 902 2061; x_wconf 83' lang='lat' dir='ltr'><strong>lecimus</strong></span> <span class='ocrx_word' id='word_1_127' title='bbox 929 2016 965 2061; x_wconf 91' lang='lat' dir='ltr'><strong>ac</strong></span> <span class='ocrx_word' id='word_1_128' title='bbox 993 1998 1081 2062; x_wconf 90' lang='lat' dir='ltr'><strong>etiam</strong></span> <span class='ocrx_word' id='word_1_129' title='bbox 1109 1994 1270 2083; x_wconf 90' lang='lat' dir='ltr'><strong>publicari.</strong></span> 
     </span>
     <span class='ocr_line' id='line_1_16' title="bbox 70 2103 1272 2191; baseline 0.001 -24"><span class='ocrx_word' id='word_1_130' title='bbox 70 2106 147 2171; x_wconf 78' lang='lat' dir='ltr'><strong>,teta</strong></span> <span class='ocrx_word' id='word_1_131' title='bbox 165 2110 238 2168; x_wconf 90' lang='lat' dir='ltr'><strong>sunt</strong></span> <span class='ocrx_word' id='word_1_132' title='bbox 252 2104 311 2169; x_wconf 90' lang='lat' dir='ltr'><strong>bec</strong></span> <span class='ocrx_word' id='word_1_133' title='bbox 329 2104 465 2191; x_wconf 80' lang='lat' dir='ltr'><strong>Wpennc</strong></span> <span class='ocrx_word' id='word_1_134' title='bbox 480 2103 510 2166; x_wconf 90' lang='lat' dir='ltr'><strong>in</strong></span> <span class='ocrx_word' id='word_1_135' title='bbox 526 2106 610 2168; x_wconf 89' lang='lat' dir='ltr'><strong>curia</strong></span> <span class='ocrx_word' id='word_1_136' title='bbox 626 2110 728 2168; x_wconf 90' lang='lat' dir='ltr'><strong>nostra</strong></span> <span class='ocrx_word' id='word_1_137' title='bbox 750 2106 917 2190; x_wconf 89' lang='lat' dir='ltr'><strong>episcopali</strong></span> <span class='ocrx_word' id='word_1_138' title='bbox 939 2126 1015 2170; x_wconf 90' lang='lat' dir='ltr'><strong>anno</strong></span> <span class='ocrx_word' id='word_1_139' title='bbox 1037 2106 1149 2170; x_wconf 92' lang='lat' dir='ltr'><strong>domini</strong></span> <span class='ocrx_word' id='word_1_140' title='bbox 1173 2104 1272 2171; x_wconf 83' lang='lat' dir='ltr'><strong>ldille-</strong></span> 
     </span>
     <span class='ocr_line' id='line_1_17' title="bbox 70 2211 1273 2298; baseline 0.004 -24"><span class='ocrx_word' id='word_1_141' title='bbox 70 2214 148 2276; x_wconf 87' lang='lat' dir='ltr'><strong>simo</strong></span> <span class='ocrx_word' id='word_1_142' title='bbox 157 2213 376 2278; x_wconf 86' lang='lat' dir='ltr'><strong>trecentesimo</strong></span> <span class='ocrx_word' id='word_1_143' title='bbox 385 2214 591 2294; x_wconf 86' lang='lat' dir='ltr'><strong>octuagesimo</strong></span> <span class='ocrx_word' id='word_1_144' title='bbox 604 2232 692 2285; x_wconf 89' lang='lat' dir='ltr'><strong>neno,</strong></span> <span class='ocrx_word' id='word_1_145' title='bbox 701 2211 867 2277; x_wconf 87' lang='lat' dir='ltr'><strong>indictione</strong></span> <span class='ocrx_word' id='word_1_146' title='bbox 880 2213 1065 2286; x_wconf 88' lang='lat' dir='ltr'><strong>duodecima,</strong></span> <span class='ocrx_word' id='word_1_147' title='bbox 1079 2215 1128 2279; x_wconf 89' lang='lat' dir='ltr'><strong>die</strong></span> <span class='ocrx_word' id='word_1_148' title='bbox 1140 2214 1273 2298; x_wconf 88' lang='lat' dir='ltr'><strong>penulti-</strong></span> 
     </span>
     <span class='ocr_line' id='line_1_18' title="bbox 72 2318 1273 2405; baseline 0.002 -21"><span class='ocrx_word' id='word_1_149' title='bbox 72 2341 119 2385; x_wconf 88' lang='lat' dir='ltr'><strong>ma</strong></span> <span class='ocrx_word' id='word_1_150' title='bbox 127 2323 246 2385; x_wconf 86' lang='lat' dir='ltr'><strong>mensis</strong></span> <span class='ocrx_word' id='word_1_151' title='bbox 254 2320 406 2393; x_wconf 82' lang='lat' dir='ltr'><strong>Octobris,</strong></span> <span class='ocrx_word' id='word_1_152' title='bbox 413 2318 485 2384; x_wconf 86' lang='lat' dir='ltr'><strong>bora</strong></span> <span class='ocrx_word' id='word_1_153' title='bbox 494 2339 689 2403; x_wconf 87' lang='lat' dir='ltr'><strong>vesperorum</strong></span> <span class='ocrx_word' id='word_1_154' title='bbox 697 2321 745 2384; x_wconf 87' lang='lat' dir='ltr'><strong>nel</strong></span> <span class='ocrx_word' id='word_1_155' title='bbox 754 2323 840 2405; x_wconf 86' lang='lat' dir='ltr'><strong>quasi</strong></span> <span class='ocrx_word' id='word_1_156' title='bbox 848 2321 1043 2387; x_wconf 88' lang='lat' dir='ltr'><strong>Presentibus</strong></span> <span class='ocrx_word' id='word_1_157' title='bbox 1050 2322 1273 2387; x_wconf 85' lang='lat' dir='ltr'><strong>venerabilibus</strong></span> 
     </span>
     <span class='ocr_line' id='line_1_19' title="bbox 70 2428 1275 2516; baseline 0.002 -23"><span class='ocrx_word' id='word_1_158' title='bbox 70 2431 146 2494; x_wconf 83' lang='lat' dir='ltr'><strong>viris</strong></span> <span class='ocrx_word' id='word_1_159' title='bbox 157 2432 192 2492; x_wconf 92' lang='lat' dir='ltr'><strong>et</strong></span> <span class='ocrx_word' id='word_1_160' title='bbox 207 2428 349 2501; x_wconf 89' lang='lat' dir='ltr'><strong>dominis,</strong></span> <span class='ocrx_word' id='word_1_161' title='bbox 363 2428 508 2494; x_wconf 79' lang='lat' dir='ltr'><strong>Conrado</strong></span> <span class='ocrx_word' id='word_1_162' title='bbox 519 2430 628 2493; x_wconf 84' lang='lat' dir='ltr'><strong>comite</strong></span> <span class='ocrx_word' id='word_1_163' title='bbox 640 2429 885 2516; x_wconf 61' lang='lat' dir='ltr'><strong>dellobcaberyt</strong></span> <span class='ocrx_word' id='word_1_164' title='bbox 899 2431 1275 2496; x_wconf 82' lang='lat' dir='ltr'><strong>eanonieoecclcsiellcr-</strong></span> 
     </span>
     <span class='ocr_line' id='line_1_20' title="bbox 71 2537 1277 2626; baseline 0 -23"><span class='ocrx_word' id='word_1_165' title='bbox 71 2538 267 2625; x_wconf 59' lang='lat' dir='ltr'><strong>&amp;pelearia</strong></span> <span class='ocrx_word' id='word_1_166' title='bbox 286 2537 412 2602; x_wconf 83' lang='lat' dir='ltr'><strong>Jeanae</strong></span> <span class='ocrx_word' id='word_1_167' title='bbox 422 2538 549 2601; x_wconf 80' lang='lat' dir='ltr'><strong>lisaoter</strong></span> <span class='ocrx_word' id='word_1_168' title='bbox 564 2538 721 2602; x_wconf 86' lang='lat' dir='ltr'><strong>licenciato</strong></span> <span class='ocrx_word' id='word_1_169' title='bbox 737 2539 767 2600; x_wconf 92' lang='lat' dir='ltr'><strong>in</strong></span> <span class='ocrx_word' id='word_1_170' title='bbox 786 2538 928 2610; x_wconf 88' lang='lat' dir='ltr'><strong>decretis,</strong></span> <span class='ocrx_word' id='word_1_171' title='bbox 943 2539 1060 2605; x_wconf 86' lang='lat' dir='ltr'><strong>Ottooe</strong></span> <span class='ocrx_word' id='word_1_172' title='bbox 1071 2540 1109 2603; x_wconf 91' lang='lat' dir='ltr'><strong>de</strong></span> <span class='ocrx_word' id='word_1_173' title='bbox 1120 2539 1277 2626; x_wconf 77' lang='lat' dir='ltr'><strong>Lupma‘up</strong></span> 
     </span>
     <span class='ocr_line' id='line_1_21' title="bbox 67 2645 1273 2731; baseline 0.001 -22"><span class='ocrx_word' id='word_1_174' title='bbox 67 2652 99 2709; x_wconf 90' lang='lat' dir='ltr'><strong>et</strong></span> <span class='ocrx_word' id='word_1_175' title='bbox 113 2646 269 2713; x_wconf 74' lang='lat' dir='ltr'><strong>debenus</strong></span> <span class='ocrx_word' id='word_1_176' title='bbox 279 2645 319 2709; x_wconf 93' lang='lat' dir='ltr'><strong>de</strong></span> <span class='ocrx_word' id='word_1_177' title='bbox 328 2645 584 2718; x_wconf 79' lang='lat' dir='ltr'><strong>blaaerln‘rebea,</strong></span> <span class='ocrx_word' id='word_1_178' title='bbox 602 2647 735 2709; x_wconf 86' lang='lat' dir='ltr'><strong>ecclesie</strong></span> <span class='ocrx_word' id='word_1_179' title='bbox 751 2649 937 2730; x_wconf 87' lang='lat' dir='ltr'><strong>patauiensis</strong></span> <span class='ocrx_word' id='word_1_180' title='bbox 954 2650 1106 2712; x_wconf 89' lang='lat' dir='ltr'><strong>canonicis</strong></span> <span class='ocrx_word' id='word_1_181' title='bbox 1129 2654 1159 2713; x_wconf 89' lang='lat' dir='ltr'><strong>et</strong></span> <span class='ocrx_word' id='word_1_182' title='bbox 1175 2646 1273 2731; x_wconf 91' lang='lat' dir='ltr'><strong>pluri·</strong></span> 
     </span>
     <span class='ocr_line' id='line_1_22' title="bbox 67 2752 1271 2838; baseline -0.002 -19"><span class='ocrx_word' id='word_1_183' title='bbox 67 2753 125 2819; x_wconf 85' lang='lat' dir='ltr'><strong>bns</strong></span> <span class='ocrx_word' id='word_1_184' title='bbox 142 2753 215 2819; x_wconf 84' lang='lat' dir='ltr'><strong>aliis</strong></span> <span class='ocrx_word' id='word_1_185' title='bbox 229 2753 291 2817; x_wconf 87' lang='lat' dir='ltr'><strong>tide</strong></span> <span class='ocrx_word' id='word_1_186' title='bbox 303 2753 404 2837; x_wconf 81' lang='lat' dir='ltr'><strong>dignis</strong></span> <span class='ocrx_word' id='word_1_187' title='bbox 417 2752 546 2818; x_wconf 90' lang='lat' dir='ltr'><strong>testibus</strong></span> <span class='ocrx_word' id='word_1_188' title='bbox 562 2754 600 2818; x_wconf 92' lang='lat' dir='ltr'><strong>ad</strong></span> <span class='ocrx_word' id='word_1_189' title='bbox 612 2754 761 2836; x_wconf 88' lang='lat' dir='ltr'><strong>premissa</strong></span> <span class='ocrx_word' id='word_1_190' title='bbox 778 2757 891 2819; x_wconf 84' lang='lat' dir='ltr'><strong>vocatis</strong></span> <span class='ocrx_word' id='word_1_191' title='bbox 908 2760 940 2819; x_wconf 91' lang='lat' dir='ltr'><strong>et</strong></span> <span class='ocrx_word' id='word_1_192' title='bbox 955 2753 1129 2838; x_wconf 86' lang='lat' dir='ltr'><strong>specialiter</strong></span> <span class='ocrx_word' id='word_1_193' title='bbox 1145 2754 1271 2838; x_wconf 87' lang='lat' dir='ltr'><strong>rogatis.</strong></span> 
     </span>
    </p>

    <p class='ocr_par' dir='ltr' id='par_1_4' title="bbox 67 2862 1277 4136">
     <span class='ocr_line' id='line_1_23' title="bbox 161 2862 1275 2951; baseline 0.002 -26"><span class='ocrx_word' id='word_1_194' title='bbox 161 2862 201 2926; x_wconf 80' lang='lat' dir='ltr'><strong>ill</strong></span> <span class='ocrx_word' id='word_1_195' title='bbox 217 2882 276 2944; x_wconf 88' lang='lat' dir='ltr'><strong>ego</strong></span> <span class='ocrx_word' id='word_1_196' title='bbox 287 2862 453 2928; x_wconf 83' lang='lat' dir='ltr'><strong>Jobcanes</strong></span> <span class='ocrx_word' id='word_1_197' title='bbox 464 2862 640 2946; x_wconf 80' lang='lat' dir='ltr'><strong>Syaarems&#39;</strong></span> <span class='ocrx_word' id='word_1_198' title='bbox 654 2862 929 2950; x_wconf 75' lang='lat' dir='ltr'><strong>delleylpeustnd,</strong></span> <span class='ocrx_word' id='word_1_199' title='bbox 947 2864 1076 2929; x_wconf 90' lang='lat' dir='ltr'><strong>clericus</strong></span> <span class='ocrx_word' id='word_1_200' title='bbox 1088 2863 1275 2951; x_wconf 79' lang='lat' dir='ltr'><strong>Mapuatine</strong></span> 
     </span>
     <span class='ocr_line' id='line_1_24' title="bbox 67 2969 1273 3055; baseline 0.002 -22"><span class='ocrx_word' id='word_1_201' title='bbox 67 2969 205 3035; x_wconf 87' lang='lat' dir='ltr'><strong>diocesis</strong></span> <span class='ocrx_word' id='word_1_202' title='bbox 222 2970 360 3055; x_wconf 92' lang='lat' dir='ltr'><strong>publicus</strong></span> <span class='ocrx_word' id='word_1_203' title='bbox 376 2969 529 3053; x_wconf 85' lang='lat' dir='ltr'><strong>imperiali</strong></span> <span class='ocrx_word' id='word_1_204' title='bbox 545 2972 726 3034; x_wconf 86' lang='lat' dir='ltr'><strong>auctoritate</strong></span> <span class='ocrx_word' id='word_1_205' title='bbox 741 2972 887 3042; x_wconf 88' lang='lat' dir='ltr'><strong>notarius,</strong></span> <span class='ocrx_word' id='word_1_206' title='bbox 905 2973 972 3055; x_wconf 82' lang='lat' dir='ltr'><strong>qnia</strong></span> <span class='ocrx_word' id='word_1_207' title='bbox 990 2971 1137 3037; x_wconf 87' lang='lat' dir='ltr'><strong>dictarum</strong></span> <span class='ocrx_word' id='word_1_208' title='bbox 1154 2972 1273 3035; x_wconf 85' lang='lat' dir='ltr'><strong>littera·</strong></span> 
     </span>
     <span class='ocr_line' id='line_1_25' title="bbox 70 3078 1275 3167; baseline 0.002 -24"><span class='ocrx_word' id='word_1_209' title='bbox 70 3100 134 3143; x_wconf 87' lang='lat' dir='ltr'><strong>rum</strong></span> <span class='ocrx_word' id='word_1_210' title='bbox 149 3080 382 3163; x_wconf 86' lang='lat' dir='ltr'><strong>apostolicarum</strong></span> <span class='ocrx_word' id='word_1_211' title='bbox 394 3079 628 3163; x_wconf 85' lang='lat' dir='ltr'><strong>presentacioni,</strong></span> <span class='ocrx_word' id='word_1_212' title='bbox 641 3080 820 3163; x_wconf 88' lang='lat' dir='ltr'><strong>receptioni,</strong></span> <span class='ocrx_word' id='word_1_213' title='bbox 834 3080 1041 3165; x_wconf 82' lang='lat' dir='ltr'><strong>acquisicioni,</strong></span> <span class='ocrx_word' id='word_1_214' title='bbox 1058 3078 1275 3167; x_wconf 87' lang='lat' dir='ltr'><strong>approbacieai</strong></span> 
     </span>
     <span class='ocr_line' id='line_1_26' title="bbox 69 3188 1274 3274; baseline 0.002 -22"><span class='ocrx_word' id='word_1_215' title='bbox 69 3193 101 3252; x_wconf 89' lang='lat' dir='ltr'><strong>et</strong></span> <span class='ocrx_word' id='word_1_216' title='bbox 115 3188 348 3253; x_wconf 79' lang='lat' dir='ltr'><strong>confirmacioui</strong></span> <span class='ocrx_word' id='word_1_217' title='bbox 364 3208 400 3251; x_wconf 89' lang='lat' dir='ltr'><strong>ac</strong></span> <span class='ocrx_word' id='word_1_218' title='bbox 416 3188 554 3253; x_wconf 89' lang='lat' dir='ltr'><strong>omuibus</strong></span> <span class='ocrx_word' id='word_1_219' title='bbox 570 3194 602 3251; x_wconf 91' lang='lat' dir='ltr'><strong>et</strong></span> <span class='ocrx_word' id='word_1_220' title='bbox 616 3188 745 3272; x_wconf 84' lang='lat' dir='ltr'><strong>singulis</strong></span> <span class='ocrx_word' id='word_1_221' title='bbox 758 3190 951 3272; x_wconf 89' lang='lat' dir='ltr'><strong>supradictis,</strong></span> <span class='ocrx_word' id='word_1_222' title='bbox 964 3190 1033 3255; x_wconf 87' lang='lat' dir='ltr'><strong>dum</strong></span> <span class='ocrx_word' id='word_1_223' title='bbox 1046 3192 1091 3255; x_wconf 91' lang='lat' dir='ltr'><strong>sic</strong></span> <span class='ocrx_word' id='word_1_224' title='bbox 1104 3210 1161 3274; x_wconf 88' lang='lat' dir='ltr'><strong>per</strong></span> <span class='ocrx_word' id='word_1_225' title='bbox 1172 3191 1274 3255; x_wconf 86' lang='lat' dir='ltr'><strong>Reue-</strong></span> 
     </span>
     <span class='ocr_line' id='line_1_27' title="bbox 70 3295 1274 3382; baseline 0 -22"><span class='ocrx_word' id='word_1_226' title='bbox 70 3296 201 3361; x_wconf 88' lang='lat' dir='ltr'><strong>reudum</strong></span> <span class='ocrx_word' id='word_1_227' title='bbox 217 3302 332 3379; x_wconf 89' lang='lat' dir='ltr'><strong>patrem</strong></span> <span class='ocrx_word' id='word_1_228' title='bbox 350 3295 499 3360; x_wconf 89' lang='lat' dir='ltr'><strong>dominum</strong></span> <span class='ocrx_word' id='word_1_229' title='bbox 518 3296 667 3363; x_wconf 73' lang='lat' dir='ltr'><strong>(lamisem</strong></span> <span class='ocrx_word' id='word_1_230' title='bbox 678 3297 856 3380; x_wconf 86' lang='lat' dir='ltr'><strong>episcopum</strong></span> <span class='ocrx_word' id='word_1_231' title='bbox 868 3298 1093 3363; x_wconf 81' lang='lat' dir='ltr'><strong>Petauieasem</strong></span> <span class='ocrx_word' id='word_1_232' title='bbox 1105 3298 1274 3382; x_wconf 87' lang='lat' dir='ltr'><strong>predictum</strong></span> 
     </span>
     <span class='ocr_line' id='line_1_28' title="bbox 73 3404 1274 3491; baseline 0 -22"><span class='ocrx_word' id='word_1_233' title='bbox 73 3411 105 3469; x_wconf 88' lang='lat' dir='ltr'><strong>et</strong></span> <span class='ocrx_word' id='word_1_234' title='bbox 121 3424 226 3469; x_wconf 89' lang='lat' dir='ltr'><strong>ceram</strong></span> <span class='ocrx_word' id='word_1_235' title='bbox 243 3424 279 3467; x_wconf 89' lang='lat' dir='ltr'><strong>eo</strong></span> <span class='ocrx_word' id='word_1_236' title='bbox 297 3412 463 3487; x_wconf 86' lang='lat' dir='ltr'><strong>agerentur</strong></span> <span class='ocrx_word' id='word_1_237' title='bbox 478 3410 509 3469; x_wconf 90' lang='lat' dir='ltr'><strong>et</strong></span> <span class='ocrx_word' id='word_1_238' title='bbox 527 3404 645 3475; x_wconf 83' lang='lat' dir='ltr'><strong>fierent,</strong></span> <span class='ocrx_word' id='word_1_239' title='bbox 662 3426 719 3470; x_wconf 87' lang='lat' dir='ltr'><strong>uua</strong></span> <span class='ocrx_word' id='word_1_240' title='bbox 737 3425 803 3469; x_wconf 87' lang='lat' dir='ltr'><strong>curn</strong></span> <span class='ocrx_word' id='word_1_241' title='bbox 817 3407 983 3488; x_wconf 87' lang='lat' dir='ltr'><strong>prenotatis</strong></span> <span class='ocrx_word' id='word_1_242' title='bbox 1000 3406 1130 3472; x_wconf 89' lang='lat' dir='ltr'><strong>testibus</strong></span> <span class='ocrx_word' id='word_1_243' title='bbox 1147 3426 1274 3491; x_wconf 88' lang='lat' dir='ltr'><strong>presens</strong></span> 
     </span>
     <span class='ocr_line' id='line_1_29' title="bbox 73 3511 1274 3598; baseline 0.003 -24"><span class='ocrx_word' id='word_1_244' title='bbox 73 3511 211 3581; x_wconf 84' lang='lat' dir='ltr'><strong>interlui,</strong></span> <span class='ocrx_word' id='word_1_245' title='bbox 228 3531 326 3597; x_wconf 85' lang='lat' dir='ltr'><strong>eaque</strong></span> <span class='ocrx_word' id='word_1_246' title='bbox 342 3514 387 3575; x_wconf 89' lang='lat' dir='ltr'><strong>sic</strong></span> <span class='ocrx_word' id='word_1_247' title='bbox 403 3511 469 3576; x_wconf 89' lang='lat' dir='ltr'><strong>lieri</strong></span> <span class='ocrx_word' id='word_1_248' title='bbox 485 3511 546 3576; x_wconf 84' lang='lat' dir='ltr'><strong>ridi</strong></span> <span class='ocrx_word' id='word_1_249' title='bbox 563 3517 596 3575; x_wconf 92' lang='lat' dir='ltr'><strong>et</strong></span> <span class='ocrx_word' id='word_1_250' title='bbox 612 3512 711 3575; x_wconf 89' lang='lat' dir='ltr'><strong>audiui</strong></span> <span class='ocrx_word' id='word_1_251' title='bbox 729 3531 765 3575; x_wconf 92' lang='lat' dir='ltr'><strong>ac</strong></span> <span class='ocrx_word' id='word_1_252' title='bbox 782 3518 942 3595; x_wconf 85' lang='lat' dir='ltr'><strong>presentes</strong></span> <span class='ocrx_word' id='word_1_253' title='bbox 958 3513 1076 3579; x_wconf 88' lang='lat' dir='ltr'><strong>litteras</strong></span> <span class='ocrx_word' id='word_1_254' title='bbox 1100 3534 1154 3598; x_wconf 90' lang='lat' dir='ltr'><strong>per</strong></span> <span class='ocrx_word' id='word_1_255' title='bbox 1176 3515 1274 3587; x_wconf 88' lang='lat' dir='ltr'><strong>alium,</strong></span> 
     </span>
     <span class='ocr_line' id='line_1_30' title="bbox 73 3619 1275 3707; baseline 0.002 -24"><span class='ocrx_word' id='word_1_256' title='bbox 73 3638 123 3684; x_wconf 90' lang='lat' dir='ltr'><strong>me</strong></span> <span class='ocrx_word' id='word_1_257' title='bbox 140 3619 209 3683; x_wconf 91' lang='lat' dir='ltr'><strong>aliis</strong></span> <span class='ocrx_word' id='word_1_258' title='bbox 226 3624 374 3703; x_wconf 90' lang='lat' dir='ltr'><strong>occupato</strong></span> <span class='ocrx_word' id='word_1_259' title='bbox 391 3622 530 3698; x_wconf 89' lang='lat' dir='ltr'><strong>negociis</strong></span> <span class='ocrx_word' id='word_1_260' title='bbox 547 3619 678 3685; x_wconf 90' lang='lat' dir='ltr'><strong>lideliter</strong></span> <span class='ocrx_word' id='word_1_261' title='bbox 694 3620 825 3703; x_wconf 86' lang='lat' dir='ltr'><strong>scriptas</strong></span> <span class='ocrx_word' id='word_1_262' title='bbox 853 3620 893 3684; x_wconf 93' lang='lat' dir='ltr'><strong>de</strong></span> <span class='ocrx_word' id='word_1_263' title='bbox 916 3622 1054 3687; x_wconf 87' lang='lat' dir='ltr'><strong>mandato</strong></span> <span class='ocrx_word' id='word_1_264' title='bbox 1080 3623 1189 3688; x_wconf 88' lang='lat' dir='ltr'><strong>domini</strong></span> <span class='ocrx_word' id='word_1_265' title='bbox 1207 3622 1275 3707; x_wconf 90' lang='lat' dir='ltr'><strong>epi-</strong></span> 
     </span>
     <span class='ocr_line' id='line_1_31' title="bbox 72 3727 1277 3815; baseline 0.002 -22"><span class='ocrx_word' id='word_1_266' title='bbox 72 3728 163 3812; x_wconf 90' lang='lat' dir='ltr'><strong>scopi</strong></span> <span class='ocrx_word' id='word_1_267' title='bbox 179 3728 334 3800; x_wconf 86' lang='lat' dir='ltr'><strong>antedicti,</strong></span> <span class='ocrx_word' id='word_1_268' title='bbox 352 3727 504 3812; x_wconf 89' lang='lat' dir='ltr'><strong>publicaui</strong></span> <span class='ocrx_word' id='word_1_269' title='bbox 521 3733 552 3792; x_wconf 91' lang='lat' dir='ltr'><strong>et</strong></span> <span class='ocrx_word' id='word_1_270' title='bbox 569 3729 598 3791; x_wconf 89' lang='lat' dir='ltr'><strong>in</strong></span> <span class='ocrx_word' id='word_1_271' title='bbox 616 3728 695 3793; x_wconf 88' lang='lat' dir='ltr'><strong>banc</strong></span> <span class='ocrx_word' id='word_1_272' title='bbox 711 3728 863 3814; x_wconf 90' lang='lat' dir='ltr'><strong>publicam</strong></span> <span class='ocrx_word' id='word_1_273' title='bbox 884 3731 1008 3795; x_wconf 80' lang='lat' dir='ltr'><strong>formam</strong></span> <span class='ocrx_word' id='word_1_274' title='bbox 1026 3732 1145 3813; x_wconf 88' lang='lat' dir='ltr'><strong>redegi,</strong></span> <span class='ocrx_word' id='word_1_275' title='bbox 1168 3750 1277 3815; x_wconf 89' lang='lat' dir='ltr'><strong>meque</strong></span> 
     </span>
     <span class='ocr_line' id='line_1_32' title="bbox 74 3836 1277 3923; baseline 0.001 -23"><span class='ocrx_word' id='word_1_276' title='bbox 74 3836 247 3920; x_wconf 89' lang='lat' dir='ltr'><strong>subscripsi</strong></span> <span class='ocrx_word' id='word_1_277' title='bbox 264 3836 352 3917; x_wconf 89' lang='lat' dir='ltr'><strong>siguo</strong></span> <span class='ocrx_word' id='word_1_278' title='bbox 369 3843 400 3900; x_wconf 91' lang='lat' dir='ltr'><strong>et</strong></span> <span class='ocrx_word' id='word_1_279' title='bbox 415 3839 534 3901; x_wconf 89' lang='lat' dir='ltr'><strong>nomine</strong></span> <span class='ocrx_word' id='word_1_280' title='bbox 551 3836 626 3900; x_wconf 87' lang='lat' dir='ltr'><strong>meis</strong></span> <span class='ocrx_word' id='word_1_281' title='bbox 644 3836 741 3901; x_wconf 91' lang='lat' dir='ltr'><strong>solitis</strong></span> <span class='ocrx_word' id='word_1_282' title='bbox 759 3841 791 3900; x_wconf 91' lang='lat' dir='ltr'><strong>et</strong></span> <span class='ocrx_word' id='word_1_283' title='bbox 806 3841 974 3910; x_wconf 88' lang='lat' dir='ltr'><strong>consuetis,</strong></span> <span class='ocrx_word' id='word_1_284' title='bbox 991 3860 1047 3903; x_wconf 85' lang='lat' dir='ltr'><strong>vna</strong></span> <span class='ocrx_word' id='word_1_285' title='bbox 1072 3858 1139 3903; x_wconf 90' lang='lat' dir='ltr'><strong>cum</strong></span> <span class='ocrx_word' id='word_1_286' title='bbox 1163 3858 1277 3923; x_wconf 87' lang='lat' dir='ltr'><strong>appen-</strong></span> 
     </span>
     <span class='ocr_line' id='line_1_33' title="bbox 73 3943 1276 4029; baseline 0.002 -21"><span class='ocrx_word' id='word_1_287' title='bbox 73 3946 163 4009; x_wconf 89' lang='lat' dir='ltr'><strong>sione</strong></span> <span class='ocrx_word' id='word_1_288' title='bbox 179 3943 271 4027; x_wconf 87' lang='lat' dir='ltr'><strong>sigilli</strong></span> <span class='ocrx_word' id='word_1_289' title='bbox 288 3944 425 4009; x_wconf 88' lang='lat' dir='ltr'><strong>einsdem</strong></span> <span class='ocrx_word' id='word_1_290' title='bbox 441 3944 550 4008; x_wconf 89' lang='lat' dir='ltr'><strong>domini</strong></span> <span class='ocrx_word' id='word_1_291' title='bbox 571 3944 712 4029; x_wconf 80' lang='lat' dir='ltr'><strong>Episcopi</strong></span> <span class='ocrx_word' id='word_1_292' title='bbox 725 3946 932 4026; x_wconf 89' lang='lat' dir='ltr'><strong>consignando</strong></span> <span class='ocrx_word' id='word_1_293' title='bbox 949 3950 978 4011; x_wconf 93' lang='lat' dir='ltr'><strong>in</strong></span> <span class='ocrx_word' id='word_1_294' title='bbox 996 3948 1120 4012; x_wconf 89' lang='lat' dir='ltr'><strong>euidens</strong></span> <span class='ocrx_word' id='word_1_295' title='bbox 1136 3950 1276 4013; x_wconf 89' lang='lat' dir='ltr'><strong>testimo·</strong></span> 
     </span>
     <span class='ocr_line' id='line_1_34' title="bbox 74 4051 545 4136; baseline 0.002 -22"><span class='ocrx_word' id='word_1_296' title='bbox 74 4053 156 4116; x_wconf 89' lang='lat' dir='ltr'><strong>nium</strong></span> <span class='ocrx_word' id='word_1_297' title='bbox 174 4051 303 4116; x_wconf 91' lang='lat' dir='ltr'><strong>omnium</strong></span> <span class='ocrx_word' id='word_1_298' title='bbox 321 4053 545 4136; x_wconf 90' lang='lat' dir='ltr'><strong>premissorum.</strong></span> 
     </span>
    </p>
   </div>
   <div class='ocr_carea' id='block_1_4' title="bbox 147 4174 1087 4247">
    <p class='ocr_par' dir='ltr' id='par_1_5' title="bbox 147 4174 1087 4247">
     <span class='ocr_line' id='line_1_35' title="bbox 147 4174 1087 4247; baseline -0.002 -13"><span class='ocrx_word' id='word_1_299' title='bbox 147 4174 267 4246; x_wconf 84' lang='lat' dir='ltr'><strong>Originsl</strong></span> <span class='ocrx_word' id='word_1_300' title='bbox 280 4174 328 4231; x_wconf 80' lang='lat' dir='ltr'><strong>aui</strong></span> <span class='ocrx_word' id='word_1_301' title='bbox 337 4178 495 4246; x_wconf 80' lang='lat' dir='ltr'><strong>Pergameni</strong></span> <span class='ocrx_word' id='word_1_302' title='bbox 508 4177 555 4231; x_wconf 90' lang='lat' dir='ltr'><strong>mit</strong></span> <span class='ocrx_word' id='word_1_303' title='bbox 569 4177 733 4247; x_wconf 73' lang='lat' dir='ltr'><strong>Siegelrests</strong></span> <span class='ocrx_word' id='word_1_304' title='bbox 743 4176 797 4231; x_wconf 89' lang='lat' dir='ltr'><strong>und</strong></span> <span class='ocrx_word' id='word_1_305' title='bbox 810 4176 1087 4234; x_wconf 66' lang='lat' dir='ltr'><strong>Noluisti-Zeicben.</strong></span> 
     </span>
    </p>
   </div>
   <div class='ocr_carea' id='block_1_5' title="bbox 0 0 1534 5067">
    <p class='ocr_par' dir='ltr' id='par_1_6' title="bbox 0 0 1534 5067">
     <span class='ocr_line' id='line_1_36' title="bbox 0 0 1534 5067; baseline 0 0"><span class='ocrx_word' id='word_1_306' title='bbox 0 0 1534 5067; x_wconf 95' lang='lat' dir='ltr'><strong> </strong></span> 
     </span>
    </p>
   </div>
  </div>
 </body>
</html>
