3059 5067
1209 376 1287 453 379

94 566 270 650 presertim,
286 586 347 652 que
362 565 400 630 ad
416 567 586 630 uestrmum
598 563 733 631 Salutem
745 562 907 628 animarum
920 556 1032 625 cedere
1045 553 1174 628 ualeant,
1186 558 1296 642 quanta

94 692 162 739 eum
185 674 246 741 deo
267 693 427 761 possumus
448 672 657 740 fauorabiliter
679 691 854 739 annuamus.
883 668 1001 735 Dudum
1026 666 1173 752 siquidem
1196 663 1296 729 delicis

96 784 319 849 reeordmionis
337 784 481 851 Urbanus
497 804 575 869 papa
592 784 640 847 lll.
665 801 831 867 precessor
859 783 963 843 noster
989 797 1026 842 er
1049 775 1143 843 certis
1164 772 1297 839 rationa-

91 891 205 957 bilibus
221 894 325 959 causis
341 893 426 959 adid
442 893 509 957 eius
525 895 654 957 animum
670 888 861 974 mouentibus
877 886 916 953 de
928 884 1055 951 coneilio
1068 885 1158 949 etiam
1171 884 1296 946 fratrum

92 1020 229 1073 morum.
249 1002 288 1067 de
304 1022 430 1087 quornm
447 1021 571 1067 numero
587 1008 661 1069 tuuc
677 1020 808 1071 eramus,
825 1004 857 1061 et
871 996 1039 1081 apostolice
1055 992 1212 1077 potestatis
1227 989 1297 1073 ple-

91 1109 234 1174 nitudine
249 1111 364 1181 statuit,
380 1119 412 1174 ut
426 1112 561 1175 uniuersi
577 1110 691 1175 Christi
707 1108 814 1175 tideles
824 1127 897 1171 uere
913 1106 1087 1189 penitentes
1102 1107 1132 1165 et
1149 1099 1295 1171 confessi,

91 1218 144 1303 qui
159 1219 192 1281 in
207 1219 293 1282 Anno
308 1239 326 1281 a
341 1219 497 1283 natiuitate
514 1217 626 1282 domini
642 1217 738 1281 nostri
757 1216 833 1281 lesu
849 1213 961 1279 Christi
982 1211 1141 1277 biillesinro
1157 1208 1295 1272 Tercen-

89 1325 202 1389 tesimo
216 1325 421 1407 Nonagesimo
435 1346 515 1391 nune
530 1326 674 1399 instante,
690 1330 761 1389 tnnc
777 1326 894 1397 tuturo,
924 1328 953 1387 et
976 1321 1121 1403 deinceps
1138 1316 1294 1403 perpetuis

89 1434 282 1519 temporibus
305 1436 343 1499 de
365 1436 599 1519 Trigintatribus
614 1436 707 1499 Annis
728 1435 760 1499 in
782 1434 987 1518 Trigintntres
1008 1434 1111 1495 Annos
1133 1428 1293 1492 Beatorum

89 1541 307 1627 Apostolorum
336 1542 421 1607 Petri
449 1548 481 1607 et
508 1542 592 1607 Pauli
609 1541 755 1608 Basilicas
784 1542 821 1607 de
838 1541 919 1606 Vrbe
947 1560 983 1604 ac
999 1538 1234 1603 butersneneem
1263 1538 1294 1599 et

88 1653 207 1716 Sancte
221 1650 316 1715 ldnrie
333 1650 455 1715 maioris
472 1652 510 1715 de
526 1652 606 1717 dicta
624 1650 707 1716 Vrbe
718 1650 867 1715 eeclesias
880 1649 1037 1713 uisitarent
1048 1666 1139 1712 censa
1154 1644 1294 1709 deuotio·

87 1760 148 1831 nis,
165 1759 371 1842 plenissimam
390 1759 520 1823 omnium
538 1766 731 1843 peccatorum
748 1777 870 1822 suorum
886 1758 1003 1822 neniam
1020 1760 1293 1839 consequerentur:

85 1869 131 1931 ita
147 1868 308 1938 uidelicet,
336 1872 369 1931 ut
390 1869 572 1953 quicumque
596 1867 689 1932 uellet
717 1867 864 1931 eiusmodi
890 1862 1090 1946 indulgentius
1108 1864 1244 1947 assequi,
1268 1861 1295 1925 si

87 1979 244 2043 Romanus
259 1976 298 2039 ad
313 1976 411 2041 nunus
426 1977 565 2059 Triginta
582 1976 729 2042 continuis
746 1976 795 2041 uel
812 1974 1000 2060 interpolatis
1023 1971 1117 2039 semel
1138 1972 1246 2035 saltem
1263 1970 1294 2034 in

87 2086 159 2157 die,
176 2086 203 2149 si
220 2104 292 2149 uero
307 2084 490 2168 Peregrinos
506 2090 558 2151 aot
572 2086 705 2151 lorensis
722 2086 867 2150 existeret
882 2084 970 2149 modo
998 2081 1088 2147 simili
1115 2080 1292 2164 Quindecim

87 2194 199 2261 diebus
215 2195 254 2260 ad
270 2194 393 2258 eandem
409 2194 557 2259 Basilicas
573 2202 605 2259 et
621 2194 771 2260 ecelesias
788 2192 938 2259 accedere
954 2195 1140 2263 tenerentur,
1156 2193 1246 2273 prout
1260 2189 1291 2252 in

86 2304 166 2368 dicti
189 2304 420 2387 predecessoris
449 2303 558 2369 litteris
579 2303 650 2367 inde
681 2304 831 2367 contectis
859 2302 976 2387 plenius
1005 2302 1185 2367 continetur.
1219 2299 1292 2363 Cum

87 2417 202 2485 autem,
220 2413 301 2477 sicut
316 2410 448 2477 exbibitu
464 2412 552 2477 nobis
568 2433 665 2497 nuper
680 2432 737 2497 pro
753 2417 840 2498 purte
856 2416 958 2477 uestra
974 2411 1086 2495 peticio
1108 2406 1291 2481 continebat,

86 2540 146 2585 uns
163 2541 201 2584 ex
216 2520 364 2603 singulari
379 2521 547 2585 deuotionis
563 2522 687 2587 feruore
704 2521 851 2585 Basilicas
868 2524 899 2584 et
915 2519 1063 2586 ecclesias
1079 2517 1243 2603 predictas,
1260 2518 1293 2580 nt

82 2628 306 2712 indulgentiam
323 2628 495 2696 huiusmodi
511 2629 633 2714 assequi
650 2632 793 2714 possetis,
811 2628 990 2713 inpropriis
1007 2628 1144 2712 personis
1161 2626 1292 2691 libenter·

84 2736 271 2809 uisitaretis,
289 2737 344 2801 sed
359 2738 428 2821 quin
444 2744 571 2823 propter
586 2739 700 2803 uiarum
723 2737 857 2821 pericula
882 2743 913 2803 et
936 2737 1002 2802 aliis
1019 2736 1111 2801 certis
1133 2733 1291 2799 decausis

83 2846 273 2909 desiderium
289 2852 423 2911 uestrum
440 2847 610 2913 huiusmodi
627 2846 787 2912 commode
809 2845 976 2931 adimplere
993 2865 1051 2911 non
1068 2844 1213 2929 potestis,
1236 2861 1291 2926 pro

82 2959 175 3040 parte
190 2959 293 3019 uestra
309 2954 397 3019 uobis
413 2956 471 3021 luit
486 2957 637 3021 humiliter
652 2957 867 3040 supplicatum,
883 2961 917 3021 ut
931 2974 1024 3039 super
1039 2954 1099 3019 bnc
1112 2952 1198 3017 uubis
1215 2970 1291 3034 pro-

83 3065 195 3131 uidere
216 3063 256 3128 de
271 3064 459 3146 benignitate
474 3065 640 3149 apostoliea
657 3065 859 3149 dignaremur.
884 3064 948 3130 Nos
962 3064 1054 3147 igitur
1069 3062 1217 3133 uolentes,
1234 3079 1290 3125 uos

84 3172 303 3257 promissomm
319 3172 425 3238 intuitu
442 3172 598 3239 fauoribus
613 3174 771 3258 prosequi,
787 3173 931 3255 gratiosis
952 3170 1120 3239 huiusmodi
1136 3167 1291 3254 supplica·

83 3280 222 3347 tionibus
237 3282 382 3355 inclinati,
399 3287 432 3348 ut
448 3282 626 3357 Coniessnr,
643 3302 731 3367 qoem
747 3280 875 3366 quilibet
889 3286 1023 3347 uestrum
1039 3280 1157 3345 duxerit
1171 3278 1290 3360 eligen-

84 3390 159 3453 dum
175 3389 262 3455 uobis
289 3389 455 3473 apostolica
483 3392 662 3455 auctoritate
688 3391 860 3455 concedere
886 3391 1002 3463 ualeat,
1030 3388 1108 3475 quod
1133 3407 1187 3451 uos
1216 3406 1289 3451 uere

83 3500 259 3581 penitentes
281 3506 313 3560 et
334 3499 467 3563 confessi
494 3496 713 3581 indulgentiam
730 3498 901 3563 buiusmodi
928 3498 1049 3582 assequi
1074 3496 1218 3567 ualeatis.
1246 3495 1288 3560 lta

83 3612 197 3678 umen,
212 3605 293 3692 qnod
309 3607 390 3671 idem
406 3605 573 3671 Conlessor
589 3606 725 3671 laborem
741 3613 774 3671 et
788 3626 947 3691 expensas,
965 3624 1039 3689 quos
1055 3605 1246 3689 pateremini,
1261 3606 1288 3667 si

83 3719 249 3798 propterea
265 3714 303 3779 ed
320 3714 431 3778 Vrbem
448 3715 616 3797 predictam
632 3714 798 3786 ueneretis,
824 3716 853 3777 in
872 3713 931 3779 elia
947 3714 1069 3799 pietatis
1091 3733 1184 3796 opera
1201 3712 1288 3778 uobis

84 3828 251 3889 commutet
265 3828 298 3885 et
312 3822 493 3895 oblationes,
509 3842 584 3906 quas
601 3823 639 3887 ad
655 3822 804 3887 basilicas
820 3828 852 3886 et
867 3822 1015 3889 ecclesius
1032 3822 1186 3906 predictas
1202 3820 1289 3885 obla·

82 3932 145 3996 turi
162 3931 310 4002 inissetis,
326 3928 493 3995 sindillae
509 3932 708 4016 personaliter
730 3934 911 4005 uenissetis,
934 3933 971 3997 ad
994 3952 1045 3997 eas
1062 3932 1127 3997 eine
1143 3930 1288 3995 dilatione

82 4039 293 4105 transmittatis
308 4046 340 4103 et
356 4039 423 4103 loco
439 4040 622 4105 uisitationis
638 4040 832 4105 Basilicarum
857 4046 888 4105 et
912 4040 1110 4107 eeclesiarum
1134 4040 1287 4124 predicte·

82 4166 150 4212 rum
166 4146 283 4231 aliquas
299 4147 451 4212 ecclesias
466 4150 497 4213 in
514 4148 651 4232 partibus
667 4148 739 4217 illis,
757 4147 845 4213 uobis
862 4169 918 4232 per
945 4148 1057 4213 dictum
1073 4149 1286 4214 Conlossorem

83 4254 283 4341 deputandas,
302 4254 480 4336 Quindecim
496 4258 604 4321 diebus
620 4260 769 4324 continuis
786 4260 834 4322 uel
851 4258 1039 4342 interpolatis
1070 4259 1176 4323 saltem
1193 4257 1286 4323 semel

83 4364 114 4427 iu
132 4364 183 4428 die
197 4364 277 4429 inira
294 4366 408 4429 Annum
425 4366 611 4440 huiusmodi,
634 4368 660 4431 si
676 4366 834 4431 commode
858 4368 1016 4450 poteritis,
1044 4366 1183 4450 Alioquin
1207 4365 1285 4430 inira

80 4473 194 4537 testum
207 4472 435 4537 lissurectionis
450 4474 588 4539 eiusdem
604 4474 715 4540 domini
731 4478 825 4540 nostri
841 4477 914 4539 lesu
928 4474 1040 4541 Christi
1056 4476 1192 4558 proxime
1207 4495 1283 4539 uen-

79 4584 181 4649 turum
188 4582 314 4647 uisitare
320 4583 493 4661 teneamini,
499 4583 653 4651 deuotioni
666 4588 884 4651 uestretennre
891 4585 1075 4671 presentium
1083 4584 1282 4673 indulgemus.
