3059 5067
605 723 712 803 XLV.

59 862 141 934 1³1⁴,
159 862 204 922 2⁵.
218 862 307 936 April,
326 862 443 924 lkbvtr.
457 896 491 903 -
506 864 623 920 Meister
639 864 771 921 Andreae
787 866 917 936 bertutipt
933 866 979 921 rlie
993 867 1163 935 senonense
1177 868 1253 922 eines

61 952 282 1011 Grunnietrtelree
304 972 342 1011 zo
373 954 528 1029 Vopeldorf
548 974 604 1011 oon
629 957 709 1014 Seite
737 958 830 1013 seina
861 959 1042 1014 Grorrunterr
1064 958 1112 1015 ries
1134 958 1252 1014 Palatia

57 1044 790 1105 JnnnnnenondneineserudersMeieterNilotone
805 1050 901 1106 nodie
919 1049 1001 1106 Abtee'
1024 1051 1254 1123 Heilipenlereuz.

154 1175 219 1239 Nos
236 1178 381 1259 magister
396 1177 542 1244 Andreae
565 1178 644 1243 tilius
668 1181 805 1263 magistri
831 1182 980 1270 Gregorii
1002 1184 1143 1248 memorie
1167 1205 1251 1249 eom-

59 1285 240 1349 mendamus
262 1287 428 1360 uniuersis,
457 1290 536 1371 quod
562 1290 751 1354 collationem
774 1290 928 1355 cuiusdam
949 1298 1031 1356 terre
1047 1293 1251 1359 Castrensium

62 1395 239 1481 Vopeldorf
254 1401 374 1469 vocate,
398 1417 485 1482 quam
500 1398 663 1464 Jobunnee
678 1397 828 1483 palatinus
853 1420 926 1465 auus
942 1407 1047 1465 noster
1062 1408 1093 1467 et
1106 1406 1252 1487 magister

55 1504 226 1587 Nyeolunra
246 1504 343 1568 trater
365 1509 467 1569 noster
491 1505 569 1571 bone
593 1508 735 1571 memorie
758 1509 912 1573 monacbis
934 1509 972 1575 de
996 1511 1129 1595 Graugia
1156 1532 1251 1597 prope

55 1612 161 1677 laeum
178 1612 217 1676 de
236 1613 335 1677 torteu
350 1613 527 1679 litteratorie
548 1616 693 1691 fecerant,
710 1618 910 1701 approbamus
926 1639 962 1683 ex
977 1640 1057 1685 nuno
1073 1629 1104 1685 et
1118 1622 1252 1686 ronteri-

56 1741 126 1785 mus
144 1719 259 1785 eisdem
273 1724 419 1805 premisso
436 1722 493 1787 sub
510 1730 614 1789 tenore
627 1724 775 1799 volentes,
792 1733 824 1791 ut
839 1728 935 1792 nullus
948 1728 1119 1794 officialium
1134 1736 1252 1795 nostro·

56 1848 126 1893 rum
145 1830 268 1893 raeione
284 1828 409 1894 alieuius
434 1852 543 1895 eeusus
561 1832 607 1896 uel
625 1834 789 1899 exactionis
806 1836 927 1900 eosdem
943 1837 1107 1903 monaebos
1123 1837 1252 1903 debeant

59 1937 240 2003 molestare.
280 1936 386 2003 Datum
409 1942 438 2002 in
454 1940 581 2006 lburuor
601 1942 630 2004 in
651 1942 730 2007 testo
753 1943 833 2007 beati
850 1943 944 2010 biarei
961 1947 1150 2031 euangeliste
1165 1948 1249 2014 Anno

56 2047 174 2112 domini
191 2047 246 2111 110.
264 2045 363 2113 0000.
380 2047 429 2111 Xl.
448 2057 565 2135 quarto.

134 2187 254 2259 original
267 2189 315 2245 aul
323 2191 482 2261 Pergameni
495 2192 541 2245 mit
554 2192 654 2260 Siegel.

600 2373 722 2454 XLVl.

53 2516 129 2589 1³1⁴,
135 2515 182 2574 22.
189 2515 254 2589 lull,
266 2516 350 2576 1111.
362 2550 395 2559 -
407 2518 535 2585 Tbomoa,
543 2519 776 2593 Erubisebofuon
787 2519 869 2576 Gran
877 2516 954 2573 rtellt
961 2515 1013 2571 der
1024 2516 1251 2587 111191Ηά1911-

51 2606 159 2664 Krene
177 2608 237 2681 auf
251 2609 299 2664 ibr
310 2610 457 2667 Amoebea
477 2611 559 2667 einen
571 2612 790 2686 Zeupne‘asbrief
806 2628 859 2665 oue
870 2610 940 2664 slber
951 2608 997 2663 ulie
1010 2606 1178 2680 &benetune
1200 2610 1250 2667 deo

93 2698 185 2756 Gruter
195 2698 390 2757 Berundunbe
402 2718 457 2758 oon
469 2704 549 2759 Seite
562 2703 610 2759 oles
623 2702 731 2774 Kenios
742 2702 819 2759 Korl
830 2720 886 2757 oon
902 2699 1019 2771 Uespero
1031 2717 1071 2755 ou
1082 2699 1211 2756 diaelbe.

148 2810 212 2876 Nos
236 2813 371 2879 lbomus
392 2814 589 2879 miseracione
618 2815 718 2880 diuina
745 2813 998 2898 Arohiepiseopus
1020 2812 1249 2901 Striponieneie

50 2920 255 3007 eiusdemque
266 2922 326 2986 loei
338 2920 446 2988 (lomes
459 2928 635 3008 perpetuus,
646 2922 858 3009 Signibenmus
872 2921 982 3006 quibus
995 2921 1115 3005 expedit
1130 2924 1249 2985 uniuer-

48 3031 94 3096 sis
110 3032 302 3115 presentium
318 3053 374 3116 per
389 3038 535 3107 tenorem,
554 3033 652 3117 Quod,
669 3053 735 3097 eum
750 3032 970 3096 Serenissimus
986 3030 1122 3094 dominus
1140 3038 1245 3094 noster

49 3138 194 3204 dornirms
210 3141 348 3208 liurolus
369 3141 416 3205 dei
433 3143 537 3223 grauia
553 3144 720 3232 Hunpore'e
734 3144 796 3207 Rex
811 3141 936 3205 illustris
951 3130 1114 3221 Religiosis‘
1128 3140 1200 3203 uiris
1217 3144 1248 3204 et

50 3250 113 3315 deo
123 3248 245 3314 deuotis
260 3249 402 3315 iratribus
419 3251 533 3315 ordinis
547 3248 760 3315 cisterciensis
776 3252 808 3315 in
819 3248 1001 3315 bionasterio
1016 3249 1247 3316 reomaenses

49 3356 92 3422 de
108 3359 242 3425 dustria
257 3359 370 3443 iugiter
386 3359 443 3423 deo
459 3359 681 3434 famulantibus,
698 3358 854 3446 quamdam
869 3359 1093 3444 possessionem
1112 3358 1141 3422 in
1160 3360 1247 3423 metis

50 3468 227 3557 Hunyurie
254 3473 284 3530 et
305 3469 433 3534 Austris
453 3470 631 3535 existentem
652 3469 868 3536 Buroodnnbe
890 3474 1042 3540 uocatam,
1065 3486 1152 3552 quam
1176 3465 1246 3529 olim

49 3578 160 3644 Siculi
174 3576 382 3642 inhabitabant
397 3583 429 3643 et
444 3577 599 3652 nolebant,
624 3598 690 3642 eum
708 3578 844 3643 omuibus
861 3576 1037 3642 utilitatibus
1052 3576 1114 3640 suis
1129 3579 1161 3639 et
1175 3596 1247 3661 per-

49 3686 190 3751 tinentiis
209 3705 307 3749 eoram
324 3685 409 3751 nobis
426 3688 586 3752 contulerit
601 3688 666 3752 iure
683 3692 831 3773 perpetuo
848 3691 879 3749 et
893 3684 1132 3750 irreuoeabiliter
1147 3686 1248 3770 possi·

50 3794 187 3861 ciendam
204 3799 235 3859 et
256 3794 437 3870 habendam,
463 3797 543 3863 sieut
565 3798 595 3861 iu
617 3797 725 3863 litteris
748 3796 883 3862 eiusdem
906 3795 1018 3860 domini
1039 3796 1132 3860 nostri
1153 3795 1246 3879 Regis

49 3904 175 3991 plenius
193 3906 379 3978 continetur;
395 3911 426 3971 et
441 3905 534 3971 abbas
551 3928 585 3972 ae
602 3906 697 3971 ueteri
714 3908 824 3970 iratres
840 3905 914 3970 dieti
930 3903 1054 3969 cenobii
1073 3924 1128 3969 nos
1144 3909 1248 3989 petant

49 4016 221 4087 instanter,
252 4021 281 4080 vt
307 4015 424 4080 litteras
447 4024 564 4079 nostras
586 4014 802 4080 testimoniales
828 4035 922 4098 super
937 4016 1001 4099 ipsa
1018 4013 1175 4079 collatione
1192 4034 1246 4097 per

49 4124 152 4209 ipsum
171 4122 322 4188 dominum
338 4128 472 4189 nostrum
488 4126 600 4207 Regem
623 4123 737 4189 eisdem
761 4124 841 4187 saeta
857 4124 1029 4189 eoueedere
1046 4123 1247 4208 dignaremur,

50 4254 110 4298 nos
133 4234 214 4297 iuxta
238 4216 362 4297 uerbum
388 4253 502 4315 organo
532 4234 680 4298 dominice
713 4235 796 4299 eoois
826 4234 986 4307 emissum,
1008 4233 1087 4319 quod
1111 4233 1246 4298 audimus

48 4342 213 4429 loquimur,
230 4346 259 4405 et
275 4341 354 4425 quod
370 4342 497 4406 uidimus
514 4345 674 4416 testamen
692 4342 855 4407 eorundem
870 4344 996 4407 fratrum
1010 4343 1099 4407 iustis
1115 4343 1245 4426 peticio-

51 4450 143 4515 nibus
172 4456 317 4515 anuentes
340 4455 499 4534 presentes
521 4450 637 4516 litteras
660 4457 779 4517 nostras
803 4471 895 4535 super
917 4453 1065 4536 premissa
1081 4450 1246 4517 dononione

52 4560 114 4644 ipsi
132 4558 317 4623 blonasterio
340 4568 450 4628 nonme
468 4562 581 4629 Crucis
605 4564 636 4624 et
658 4558 760 4623 abbati
787 4579 823 4623 ae
839 4560 982 4626 tratribus
997 4561 1027 4623 in
1044 4560 1149 4624 eodem
1166 4561 1246 4624 resi·

52 4664 197 4731 dentibus
216 4686 271 4755 per
286 4668 384 4753 ipsum
407 4670 555 4736 dominum
572 4673 705 4735 nostrum
721 4665 833 4751 Regem
860 4669 939 4734 laeta
956 4687 1057 4733 eoram
1084 4669 1186 4741 nobis,
1215 4673 1247 4733 ut
