3059 5067
259 365 338 437 376

263 540 322 604 vnd
339 539 527 605 acbtaiisten
543 541 605 616 lar,
622 561 659 603 an
676 539 751 604 saud
768 538 875 604 Petere
892 538 950 604 vnd
968 539 1043 603 sand
1059 538 1158 605 Pawls
1174 544 1225 623 tag
1242 538 1295 603 der
1312 536 1459 622 heyligen

261 650 366 713 awelil
376 653 477 732 poten.

334 772 450 843 original
466 771 514 826 aul
523 771 691 843 Pergament,
704 772 800 829 demea
813 772 877 828 arrei
890 774 980 844 Sicgol
995 772 1092 828 lelrlen.

766 934 953 1017 CCCXXI.

263 1096 338 1168 1810,
356 1096 402 1157 lt.
414 1094 539 1168 domet,
556 1096 642 1157 ΙΙοΙ.
661 1128 697 1141 -·
717 1100 811 1167 (icore
824 1100 948 1169 Biacbof
954 1117 1010 1155 oon
1022 1100 1132 1156 rma
1145 1098 1279 1155 oollsiebt
1290 1098 1350 1169 nass
1357 1097 1463 1153 Grani

264 1189 317 1246 der
334 1187 491 1246 murman
508 1186 596 1243 nane
616 1188 705 1262 Paprt
727 1190 847 1246 Urben's
870 1191 917 1246 VI.
937 1191 983 1246 die
1001 1189 1145 1263 definitioe
1165 1190 1389 1263 lmorpmrton
1410 1188 1463 1243 der

552 1278 660 1353 Pfom
672 1279 770 1336 Alanoi
781 1299 837 1337 aar
847 1282 930 1337 Alter*
942 1282 1170 1352 Heilipcnlrresrs.

358 1409 491 1477 Georius
505 1404 555 1472 dci
571 1414 603 1471 et
618 1409 793 1494 Apostolice
815 1410 898 1476 selle
923 1409 1027 1494 gracia
1051 1409 1220 1495 Episcopus
1243 1409 1466 1474 Pnttnrcr'ensis

268 1518 422 1584 Vniuersis
453 1522 485 1581 et
514 1514 644 1600 singulis
674 1524 834 1603 presentes
856 1520 971 1584 litteras
996 1520 1178 1603 inspecturis
1208 1524 1240 1583 et
1260 1538 1337 1603 quos
1368 1517 1467 1580 inira-

268 1630 414 1712 scriptum
439 1635 535 1711 tangit
550 1631 703 1712 negotium
731 1648 786 1692 seu
809 1634 937 1712 tangere
962 1629 1072 1713 poterit
1097 1627 1249 1712 qrroslibet
1278 1627 1467 1689 inlaturum

269 1734 405 1802 Salutem
422 1739 451 1802 in
469 1740 598 1803 domino.
622 1739 755 1802 Litteras
772 1738 953 1801 sanctissimi
975 1740 1004 1801 in
1032 1735 1153 1800 Christo
1171 1738 1265 1819 patris
1293 1741 1326 1799 et
1352 1734 1471 1798 domini

268 1847 382 1923 nostri,
398 1846 509 1913 domini
530 1849 658 1920 libani,
675 1847 775 1911 diulus
804 1846 992 1929 prouidentia
1021 1866 1099 1930 pepe
1118 1842 1191 1919 Ili,
1215 1846 1244 1907 in
1273 1843 1323 1907 lilo
1341 1846 1469 1928 canapis

269 1972 355 2017 more
368 1974 493 2020 romane
509 1958 592 2021 carle
607 1954 739 2021 Bullatas
756 1974 814 2017 non
830 1954 966 2027 abolitas.
984 1973 1041 2025 non
1059 1953 1194 2025 viciatus,
1212 1973 1312 2036 neque
1324 1954 1354 2018 in
1367 1952 1470 2038 aliqua

269 2065 316 2127 sui
333 2068 421 2147 parte
436 2070 614 2150 suspectas,
636 2063 691 2129 sed
713 2065 793 2127 omni
817 2064 895 2128 nicio
925 2082 1049 2147 prorsus
1074 2070 1103 2127 et
1130 2064 1303 2146 suspicione
1326 2068 1470 2126 carentes

271 2170 358 2236 nobis
376 2192 432 2255 per
446 2172 649 2237 venerabilem
676 2171 706 2235 in
734 2171 850 2235 cbristo
878 2170 1020 2237 dilectum
1044 2172 1290 2237 Cdolomnnnnm
1318 2170 1472 2235 Abbatem

271 2279 445 2345 Mouasterii
461 2281 580 2347 Soracte
595 2282 707 2348 mnes
721 2280 751 2343 in
768 2281 893 2347 nrrsm'o
909 2280 1024 2344 ordinis
1040 2279 1251 2344 Cisterciensis
1267 2285 1374 2344 nostre
1388 2286 1474 2363 pata·

273 2390 387 2454 niensis
404 2391 537 2456 diocesis
549 2398 739 2475 presentatas
756 2407 823 2454 cum
841 2408 885 2461 ea,
903 2407 960 2473 qua
977 2388 1091 2459 decuit,
1109 2388 1276 2453 reuerentia
1296 2408 1353 2451 nos
1382 2406 1474 2452 reee-

270 2502 353 2583 pissc
369 2498 515 2562 noueritis
532 2520 587 2583 per
604 2500 701 2564 omnia
717 2500 747 2560 in
764 2496 822 2561 bec
838 2494 940 2561 uerba.
967 2496 1077 2584 (Folgt
1092 2496 1142 2561 die
1159 2495 1214 2560 sub
1230 2496 1282 2559 Nr.
1300 2494 1475 2562 CCCXVIII

272 2605 479 2688 abgedruclrte
501 2606 587 2671 Bullc
608 2607 702 2690 Papst
724 2602 855 2669 Urban's
870 2603 936 2678 Vl„
965 2605 1035 2670 ddo.
1052 2604 1157 2671 Genua
1184 2606 1237 2670 25.
1263 2605 1324 2668 bisi
1350 2602 1472 2689 1386.)

274 2714 346 2779 Post
362 2734 485 2799 quarum
502 2716 667 2780 litterarum
684 2712 915 2798 apostolicarum
930 2718 1192 2796 presentacionem
1214 2719 1246 2777 et
1261 2714 1472 2797 receptionem

273 2821 383 2886 suimus
398 2842 454 2906 pro
470 2830 556 2906 parte
573 2824 707 2887 eiusdem
724 2819 849 2885 solaris
877 2841 944 2885 curn
968 2822 1069 2889 debita
1098 2824 1242 2887 instancia
1258 2823 1420 2907 requisiti,
1443 2828 1475 2885 rt

275 2930 314 2994 ad
330 2932 535 2995 executionem
552 2929 625 2995 dicti
643 2929 773 2995 mandati
789 2931 949 3014 apostolici
966 2930 1201 3016 procederemus
1224 2933 1303 2995 iuxta
1332 2930 1476 2994 traditam

274 3039 364 3104 uobis
380 3039 515 3103 sormam.
539 3038 603 3103 Nos
618 3040 712 3121 igitur
728 3038 863 3103 volentes
880 3041 917 3105 ed
938 3042 1144 3105 executionem
1166 3041 1264 3123 ipsius
1288 3038 1476 3124 procedere,

276 3152 308 3211 rt
325 3153 474 3218 tenemur,
501 3148 576 3211 risis
589 3148 754 3230 diiigenter
778 3155 810 3213 et
824 3151 969 3232 inspeetis
986 3145 1170 3233 supradictis
1185 3148 1297 3212 litteris
1315 3147 1399 3211 bone
1416 3166 1478 3210 me·

276 3255 371 3319 morie
398 3256 572 3327 Manis,
597 3258 734 3340 episcopi
751 3256 944 3328 Paroream
961 3261 1031 3321 tnnc
1046 3256 1124 3321 tituli
1141 3264 1245 3321 sancte
1260 3256 1373 3321 cecilie
1389 3278 1478 3341 pres·

278 3363 377 3448 byteri
400 3362 584 3436 Cardinalis,
609 3385 646 3428 ao
669 3364 768 3429 lelicis
796 3364 1025 3430 recordacionis
1048 3365 1160 3429 domini
1177 3366 1300 3431 Adest
1320 3366 1395 3429 olim
1414 3367 1476 3450 epi-

278 3470 364 3554 scopi
381 3472 599 3556 poloniensis.
620 3473 851 3555 predecessoris
880 3476 976 3537 nostri
1004 3474 1110 3557 sigiliis
1137 3494 1240 3539 eorum
1269 3473 1476 3557 pendentibus

276 3578 418 3661 sigillatis
434 3586 466 3642 et
481 3580 616 3662 receptis
632 3580 765 3664 desuper
781 3582 918 3645 securius
935 3582 1201 3647 informacionibus
1219 3602 1275 3666 pcr
1287 3588 1387 3657 testes
1405 3582 1477 3668 ydo-

276 3707 352 3752 neos
369 3692 401 3750 et
414 3687 540 3760 iuratos,
559 3687 668 3769 quibus
685 3688 770 3753 nobis
787 3690 907 3753 securis
923 3692 1059 3755 constitit
1073 3697 1105 3754 et
1121 3696 1249 3763 constat,
1273 3691 1356 3775 quod
1374 3691 1475 3755 buius·

277 3795 356 3859 modi
373 3793 475 3859 littere
492 3816 528 3859 ac
549 3795 650 3875 sigilla
666 3796 777 3860 luerint
800 3799 989 3870 eorumdem,
1014 3798 1131 3865 scilicet
1155 3797 1327 3864 Cardinalis
1357 3808 1392 3863 et
1417 3801 1475 3885 epi·

257 3904 376 3987 scopi,
392 3922 519 3988 quorum
537 3904 566 3965 in
583 3902 698 3967 eisdem
716 3904 825 3969 litteris
842 3906 1064 3980 describuntur,
1088 3908 1183 3972 luisse
1206 3911 1237 3972 et
1260 3928 1350 3981 esse,
1381 3909 1474 3995 quod·

278 4030 338 4096 que
363 4010 501 4095 predicta
529 4010 629 4091 sigilla
653 4013 772 4076 luerunt
797 4020 828 4077 et
851 4032 923 4078 esse
936 4021 1160 4081 consueuerant
1181 4018 1334 4081 autentica
1347 4064 1356 4091 ,
1369 4018 1477 4103 quibus

280 4124 400 4182 estnon
417 4118 446 4181 in
463 4120 572 4183 merito
590 4119 666 4184 tides
682 4118 852 4186 adhihenda
875 4128 905 4186 et
922 4124 999 4207 quod
1016 4125 1095 4188 iuxta
1117 4124 1369 4189 consuetudinem
1396 4126 1477 4191 buius

278 4225 379 4306 patrie
394 4225 554 4310 priuilegIa
571 4228 708 4313 episcopi
725 4231 909 4312 patauiensis
926 4252 980 4315 pro
998 4239 1135 4317 tempore
1152 4232 1310 4298 existentis
1330 4254 1392 4299 nou
1412 4254 1477 4299 cou-

280 4337 446 4395 sueuorunt
468 4354 524 4417 per
551 4337 684 4400 notarios
704 4335 844 4420 publicos
872 4338 1023 4404 subscribi
1050 4341 1101 4405 uel
1128 4342 1252 4425 signari.
1290 4342 1479 4428 Quapropter

282 4438 436 4510 unionem,
471 4445 668 4508 annexionem
701 4450 733 4509 et
764 4446 1043 4531 incorporacionem
1077 4469 1132 4533 per
1164 4450 1303 4533 prelatos
1344 4450 1477 4516 dominos

283 4546 465 4613 Guidooem
504 4549 686 4615 cardinalem
723 4559 754 4618 et
783 4556 945 4621 Albertrmn
983 4558 1160 4644 episcopum
1186 4558 1417 4647 pntonicrasem
1447 4560 1479 4625 de
