3059 5067
625 609 811 690 ccxcvi.

119 732 200 806 1110,
219 734 259 793 11.
277 734 366 807 En,
388 734 475 795 1101.
488 768 526 779 -
536 737 635 793 nnec
648 736 771 809 Biacbof
782 754 839 793 con
851 738 963 792 Pcasou
981 738 1159 811 incorporirt
1176 736 1229 793 der
1239 738 1322 793 Abtet'

118 824 337 897 warrens
358 827 418 898 ons
432 828 536 883 Grnnd
557 827 609 884 dor
626 829 783 885 inamirtess
805 829 939 887 Urkundc
956 828 1006 885 dcc
1026 828 1168 885 dorcinet
1174 830 1319 899 -bepeten

358 916 451 975 Gasido
468 937 532 978 vom
545 918 595 975 30.
609 920 682 975 duni
696 920 786 975 1350
800 920 846 977 die
859 920 969 995 Psorre
979 920 1084 978 stand.

206 1049 359 1114 Allectus
381 1049 430 1113 dei
455 1056 487 1113 et
502 1050 671 1135 apostolice
693 1052 776 1116 sedis
793 1052 898 1134 grecia
914 1050 1085 1135 Episcopus
1102 1050 1317 1115 Potaciensic.

115 1156 160 1221 Ad
185 1158 329 1222 noticiam
350 1159 543 1241 presencium
563 1166 595 1223 et
615 1161 788 1224 memoriam
810 1160 989 1224 futurorum.
1020 1158 1153 1223 Litteras
1170 1178 1318 1222 reueren-

115 1266 236 1330 dissimi
251 1266 408 1332 inebriato
421 1272 517 1353 patris
529 1270 683 1334 ctdomiui
699 1270 811 1335 domini
825 1270 987 1342 (luidonis,
1003 1270 1201 1333 miseracione
1218 1267 1318 1332 diuina

114 1376 202 1441 titulo
225 1383 332 1441 sancte
348 1377 462 1441 cecilie
480 1378 646 1443 Presbiteri
664 1378 835 1445 Cardinalis
852 1381 918 1443 eius
935 1398 1007 1443 uero
1024 1377 1125 1459 sigillo
1141 1377 1317 1463 impedenti,

114 1492 147 1550 ut
162 1486 265 1570 prima
280 1488 447 1571 apparebat
461 1488 559 1561 lacis,
575 1487 742 1571 sigillatas,
768 1510 858 1555 sanas
875 1493 906 1553 et
922 1490 1058 1572 integras
1074 1489 1214 1574 omnique
1230 1508 1319 1574 pror-

115 1616 170 1659 sus
187 1595 267 1659 vicio
290 1603 322 1660 et
337 1595 512 1679 suspicione
533 1601 675 1660 carentes
696 1596 785 1661 nobis
807 1616 862 1680 pro
886 1604 973 1681 parte
996 1595 1178 1661 uenerabilis
1195 1603 1227 1659 et
1241 1597 1317 1661 reli·

113 1705 271 1786 giosorrm
279 1704 412 1768 virorum
425 1706 457 1767 iu
468 1706 584 1769 cbristo
598 1705 685 1769 uobis
697 1704 875 1769 dilectorum
895 1754 902 1769 .
940 1752 948 1767 .
967 1704 1132 1768 Abbatiset
1148 1708 1316 1767 conuentus

114 1813 294 1877 blouasterii
309 1814 430 1879 Sancte
446 1815 558 1881 Crucis
578 1816 693 1880 ordinis
716 1814 956 1899 cysterciensis,
986 1820 1090 1879 nostre
1112 1814 1316 1880 Potncieneis

115 1922 252 1986 diocesis
268 1930 458 2005 presentatus
474 1944 510 1987 ea
527 1944 585 2009 qua
600 1925 702 1989 decuit
718 1926 897 1989 reuerencia
914 1924 1085 2007 recepimus
1101 1944 1157 2007 per
1174 1922 1271 1987 omnia
1288 1923 1319 1985 in

114 2032 175 2095 bec
192 2030 297 2095 uerba.
335 2030 445 2116 (Folgt
467 2032 516 2096 die
532 2032 565 2095 S.
591 2032 674 2110 210,
691 2034 743 2096 Nr.
770 2030 858 2097 cclv
875 2032 1084 2116 abgcdruclrte
1101 2030 1245 2095 Urlundc
1261 2030 1316 2094 des

118 2139 413 2221 cardinal-begaten
431 2137 529 2205 Guido
546 2139 615 2206 ddo.
636 2141 734 2212 1350,
752 2141 806 2206 30.
825 2140 927 2227 duni.)

208 2247 282 2310 Post
298 2266 420 2332 quarum
446 2249 567 2333 quidem
590 2250 757 2314 litterarum
784 2250 1046 2333 presentaeionem
1063 2254 1093 2312 et
1109 2248 1315 2331 receptionem

112 2359 226 2422 suimus
242 2377 297 2442 pro
315 2362 402 2439 parte
425 2356 571 2422 dictorum
588 2358 712 2423 Abbatis
730 2364 760 2423 et
778 2358 949 2424 Gonucntus
968 2357 1066 2423 debita
1085 2378 1151 2421 curn
1169 2356 1317 2419 instancia

112 2465 270 2551 requisiti,
299 2471 447 2551 quatenus
471 2468 714 2531 commissionem
737 2489 793 2552 per
816 2468 938 2532 easdem
962 2469 1080 2532 litteras
1104 2465 1191 2529 nobis
1209 2464 1317 2528 factam

115 2576 227 2661 exequi
251 2595 437 2638 curaremus.
474 2572 535 2638 Nos
559 2577 650 2657 igitur
673 2577 811 2641 volentes
834 2578 914 2641 iuxta
931 2576 1174 2639 commissionem
1192 2574 1317 2637 eandem

112 2683 301 2768 procedere,
324 2688 353 2744 st
371 2688 526 2756 tenemur,
551 2683 589 2746 de
607 2689 757 2747 contentis
773 2685 802 2747 in
820 2684 966 2767 predictis
983 2684 1092 2748 litteris
1110 2682 1319 2768 inquisiuirnus

112 2793 295 2876 diligenter,
318 2798 348 2855 et
364 2790 434 2877 quia
451 2797 592 2855 contenta
609 2792 638 2854 in
656 2792 731 2876 ipsis
748 2796 851 2877 preuia
869 2794 1070 2879 inquisiciono
1087 2790 1188 2854 debita
1205 2792 1313 2854 iuuen-

115 2904 215 2966 uimus
231 2900 360 2965 veritate
375 2898 493 2971 fulciri,
518 2900 667 2986 nobisque
684 2901 722 2964 ob
745 2898 909 2985 supradicti
928 2901 1104 2966 lllonasterii
1122 2899 1314 2983 hospitalita-

116 3018 179 3073 tem
208 3009 410 3080 excessiuam‚
439 3028 475 3071 ac
498 3007 554 3071 alia
583 3008 643 3093 sibi
671 3010 879 3074 incumbencin
904 3030 994 3073 onera
1024 3014 1201 3093 oportunum
1230 3008 1318 3072 ride-

116 3118 206 3182 batur
238 3122 269 3180 et
301 3116 487 3200 expediens,
521 3116 600 3201 quod
633 3116 805 3201 subscripta
836 3118 904 3181 vnio
937 3122 967 3180 et
990 3118 1199 3201 incorporacio
1232 3136 1317 3179 suum

117 3224 255 3290 debitum
283 3227 464 3289 sortirentur
481 3224 631 3290 ellectum.
664 3224 784 3289 ldcirco
802 3225 1005 3310 parochialem
1030 3226 1190 3291 ecclesiam
1213 3224 1318 3289 Sancti

117 3336 248 3417 Georgii
264 3336 293 3397 in
312 3334 406 3400 Oletb
422 3336 539 3418 prolate
562 3341 666 3398 nostre
681 3334 810 3399 diocesis
827 3334 864 3398 ad
882 3336 1028 3400 dictorum
1046 3334 1170 3400 Abbatis
1187 3339 1218 3397 et
1235 3332 1317 3397 Corr-

117 3451 227 3509 ueutns
257 3444 517 3527 presentaeionem
550 3443 624 3505 alias
656 3448 843 3527 spectantem
874 3464 940 3507 curn
968 3445 1104 3509 omnibus
1137 3442 1252 3508 iuribus
1284 3448 1315 3507 et

115 3553 318 3639 pertinenciis
333 3552 398 3617 suis
416 3550 529 3614 eisdem
542 3548 649 3614 Abbati
666 3555 697 3615 et
710 3548 879 3617 Gouuentui
895 3557 926 3615 et
941 3573 998 3636 per
1012 3553 1096 3635 ipsos
1114 3552 1195 3615 dicto
1213 3572 1317 3617 eorum

117 3662 305 3726 Monostorio
329 3660 509 3725 auctoritate
531 3658 617 3723 nobis
640 3661 671 3723 in
692 3660 750 3724 hac
767 3667 854 3747 parte
871 3661 979 3724 tradita
996 3661 1111 3725 unimus
1129 3665 1158 3725 et
1175 3663 1319 3745 incorpo-

116 3791 219 3835 ramus
247 3790 283 3832 ac
305 3770 336 3831 in
352 3773 533 3853 perpetuum
549 3770 735 3832 annectimus
753 3789 811 3851 per
826 3775 1004 3855 presentes.
1033 3771 1075 3834 lta
1091 3768 1170 3853 quod
1187 3768 1317 3833 cedente

116 3878 165 3943 uel
190 3876 360 3942 decedente
387 3886 508 3943 rectore
535 3878 631 3962 ipsius
651 3876 781 3942 ecclesie
799 3879 896 3943 sancti
914 3876 1060 3961 Georgii,
1088 3878 1138 3962 qui
1162 3898 1240 3943 nunc
1257 3885 1316 3951 est,

118 3988 167 4053 vel
184 3988 279 4050 eciam
304 3987 409 4051 eadem
427 3988 675 4075 quotiescumque
698 3986 755 4050 alio
774 3986 858 4051 niodo
877 3990 1002 4050 vacante
1023 3986 1115 4051 liceat
1131 3988 1175 4049 eis
1200 3991 1231 4050 et
1246 4008 1316 4051 suc·

118 4096 294 4161 sessoribus
308 4096 382 4169 suis,
399 4096 450 4180 qui
466 4116 521 4180 pro
537 4100 677 4178 tempore
694 4094 815 4172 luerint,
834 4101 1025 4161 memoratam
1038 4094 1199 4159 ecclesiam
1212 4094 1318 4158 Sancti

119 4204 246 4288 Georgii
273 4226 340 4269 cum
357 4206 494 4271 omnibus
510 4202 628 4268 iuribus
652 4209 683 4265 et
699 4204 900 4286 pertinenciis
915 4205 979 4269 suis
996 4211 1027 4269 et
1043 4203 1229 4289 corporalem
1246 4225 1319 4288 pos·

117 4315 289 4379 sessionem
317 4314 413 4401 ipsius
441 4312 560 4395 ingredi
586 4331 622 4376 ac
645 4312 741 4376 eciam
766 4311 861 4377 libere
886 4313 1117 4397 apprehendere
1140 4318 1171 4376 et
1198 4317 1316 4387 tenere,

116 4424 276 4508 ipsiusque
293 4424 427 4495 fructus,
450 4421 586 4486 redditus
603 4428 633 4484 et
650 4426 813 4504 prouentus
829 4422 860 4485 in
877 4421 1017 4505 proprios
1034 4442 1106 4486 rsus
1125 4429 1317 4495 conuertere,

117 4551 270 4596 consensu
300 4530 425 4596 alterius
453 4531 670 4616 cuiuscumque
702 4530 824 4594 rninime
850 4530 1007 4616 requisito.
1054 4530 1201 4605 Prouiso,
1234 4530 1313 4615 quod
