3059 5067
295 352 369 425 150

287 536 473 614 perpetuum.
498 528 679 613 Quamquam
692 526 987 593 llenlesiastiealoee
997 524 1478 611 persomsqnelieligiosaspre·

289 638 433 701 {nacionis
444 636 596 719 generalis
608 635 718 717 iugiter
730 636 864 700 zelemur
875 634 996 707 adesto,
1012 634 1125 698 ueteris
1136 640 1237 697 nmen
1250 633 1478 717 preesllendu

287 744 449 829 singularis
465 745 569 828 granis
585 749 689 808 nostre
704 748 735 808 et
751 742 894 808 eontinue
918 742 1038 826 piatatis
1055 740 1203 805 &elisis
1223 741 1287 805 illis
1304 743 1479 807 rmum

288 852 416 918 debetur
443 852 590 924 elieetros,
617 872 692 935 quas
707 852 866 916 illustrium
888 851 1137 934 predecessorum
1164 856 1334 920 nostorum,
1364 850 1477 915 nm·

287 964 406 1027 dustria
422 961 557 1026 fundauit
573 960 610 1025 ad
627 960 753 1041 gloriani
769 964 802 1025 et
822 960 941 1025 laudem
955 959 1007 1023 dei
1021 959 1193 1042 benignitas
1214 968 1248 1023 et
1272 960 1400 1023 dotatas
1420 980 1478 1021 ιιι-

287 1071 397 1157 gnitiee
421 1068 610 1135 eoroendnuit
625 1068 770 1134 colendas
786 1068 894 1135 studiis
909 1075 941 1133 et
960 1068 1115 1133 fauoribus
1140 1086 1372 1139 suceessorum,
1407 1066 1478 1131 iliae

287 1182 379 1263 igitur
407 1187 469 1253 sst,
491 1178 588 1265 quod.
612 1198 679 1245 onon
695 1179 828 1245 Disoreti
844 1180 899 1243 riri
915 1180 1115 1243 Hennaeae
1136 1176 1234 1242 dirus
1256 1177 1430 1243 Mens
1449 1182 1478 1239 a

288 1292 397 1353 iratres
413 1291 470 1362 sui,
487 1288 639 1354 Decimam
655 1290 742 1353 sitam
757 1290 788 1353 in
803 1288 995 1372 &etesdors
1003 1296 1035 1351 et
1049 1288 1230 1352 mat
1242 1286 1333 1352 eirea
1351 1287 1477 1373 Spas-

287 1400 382 1465 berob
402 1408 433 1461 et
453 1400 669 1484 diersranlz,
694 1418 782 1482 quarn
809 1418 825 1461 a
850 1396 935 1462 nobis
959 1402 991 1461 et
1010 1395 1154 1460 tratribus
1180 1397 1315 1470 nostris,
1349 1394 1478 1459 Dneibrr

287 1510 428 1580 nostrie,
452 1508 617 1572 interdum
645 1508 789 1571 baslensis
805 1509 979 1578 tenuerunt,
1007 1503 1239 1569 Honorabilibus
1258 1511 1294 1567 et
1318 1503 1478 1586 Religion}

288 1618 361 1681 viris
375 1618 471 1681 Fratri
479 1619 607 1689 loonio,
624 1637 702 1681 nune
715 1614 823 1681 Abbati
835 1616 1042 1681 etConuentui
1052 1613 1228 1679 idonasterii
1237 1620 1362 1679 mas
1376 1614 1479 1680 crea

287 1728 317 1789 in
339 1726 430 1791 Silua
454 1726 641 1798 marserei,
664 1746 718 1810 pro
734 1727 887 1808 octoginta
904 1722 1024 1789 talends
1047 1723 1236 1788 denariorum
1259 1722 1479 1787 wiennensiu

288 1836 327 1899 de
343 1854 492 1900 consensu
509 1841 610 1899 nostro
629 1834 817 1900 vendiderint
831 1839 865 1899 et
880 1832 1075 1915 assignarim,
1092 1831 1177 1915 Quod
1194 1852 1251 1896 nos
1267 1830 1477 1902 aduerteetss.

290 1944 400 2009 dietum
415 1942 628 2008 blonasterium
644 1942 853 2007 Honorabilem
871 1949 903 2005 et
920 1939 1121 2007 memorialem
1139 1940 1308 2005 Piantnlam
1325 1940 1400 2005 lore
1412 1940 1479 2004 llln·

290 2055 395 2116 sirium
409 2052 556 2137 quondam
573 2051 744 2137 Principum
756 2049 871 2117 Donum
883 2050 1013 2123 Austris,
1026 2048 1281 2134 predecessorum
1296 2054 1478 2122 noenum

289 2182 324 2225 ao
342 2161 434 2241 igitur
450 2162 623 2245 cupientes,
646 2162 744 2247 ipsum
759 2159 904 2245 prosequi
920 2159 1025 2225 fauore
1047 2162 1080 2222 et
1104 2157 1207 2241 grania
1227 2158 1383 2241 speeisli,
1408 2158 1480 2243 ipsis

289 2268 396 2333 nonan
411 2272 443 2333 et
458 2268 626 2333 conuentui
649 2274 680 2332 et
695 2267 878 2333 blnnasterio
903 2267 941 2332 ad
965 2266 1104 2333 deuotam
1126 2269 1160 2330 et
1182 2267 1349 2331 instantem
1365 2266 1480 2351 suppli·

288 2378 443 2442 eaeionenr
465 2376 639 2441 eorumdem
661 2378 878 2462 proprietatem
904 2377 1039 2443 eiusdem
1061 2375 1201 2449 deeime,
1227 2376 1311 2440 siout
1336 2375 1429 2441 nobis
1451 2384 1481 2440 et

289 2485 375 2549 fratri
391 2490 494 2548 nostro
511 2484 588 2549 Duri
606 2485 731 2559 Ottoni,
759 2486 920 2571 pertinuit.
948 2485 987 2551 de
1002 2485 1096 2569 ipsius
1112 2485 1217 2549 fratris
1235 2484 1335 2549 nostri
1356 2484 1439 2549 seila
1450 2492 1479 2547 el

290 2614 440 2659 consensu
457 2591 621 2659 liberaliter
637 2593 773 2659 dedimus
791 2601 823 2659 et
849 2594 1041 2679 presentibus
1065 2593 1211 2659 tradimus
1233 2598 1266 2659 et
1280 2593 1432 2659 donamus
1446 2592 1481 2655 ad

291 2724 360 2769 rsus
378 2706 407 2766 et
430 2702 574 2769 utilitates
596 2704 669 2770 dieti
687 2706 858 2769 ilonasterii
882 2706 1018 2769 inantea
1042 2702 1255 2787 possidendam
1280 2710 1437 2788 perpetuo
1452 2714 1481 2766 et

289 2814 458 2879 tenendam.
483 2814 515 2877 ln
527 2815 614 2881 ouius
626 2816 672 2879 rei
684 2814 871 2879 euidentiam
881 2814 1111 2899 firmitatemque
1126 2820 1307 2898 perpetuam
1323 2819 1482 2897 presentes

290 2924 384 2987 nostri
406 2922 502 3007 sigilii
525 2924 683 2988 munimine
704 2924 831 2988 lenimus
852 2924 1000 2988 roborari.
1032 2923 1141 2988 Datum
1155 2924 1290 2995 ummo.
1313 2922 1482 2996 Domiaiea.

292 3054 349 3117 qua
365 3036 499 3099 eentatnr
513 3031 633 3097 betare.
651 3034 734 3097 Anno
747 3032 857 3097 domini
870 3032 1029 3099 bliilesirno
1041 3032 1140 3097 0000.
1153 3032 1325 3097 Tricesimo
1337 3030 1482 3095 mundo.

363 3157 480 3228 Original
494 3158 543 3213 sui
553 3157 710 3228 Pergament
722 3157 769 3213 mit
781 3158 878 3229 Siegel.

809 3340 960 3421 CXLVI.

290 3463 364 3537 lidi,
378 3463 415 3525 lb.
429 3462 515 3537 bprll.
529 3496 564 3507 -
576 3466 712 3521 Heinrisb
725 3484 780 3521 orso
792 3466 986 3537 Kroeiemrp
997 3468 1127 3538 sonmo
1137 3465 1190 3523 dus
1204 3466 1485 3527 Veruolrtsra'rmd

290 3555 338 3610 die
356 3556 615 3631 Jabrtopsstifianp
633 3558 724 3613 rainer
745 3560 942 3615 nerstorbesseo
960 3560 1064 3642 Vetters
1076 3560 1190 3633 &iss-id
1209 3578 1265 3615 oon
1276 3560 1483 3633 Knnirdberp

379 3686 432 3753 leh
448 3686 619 3753 Heinroiob
638 3708 692 3753 ran
711 3688 938 3778 Obroobprrelo
961 3690 1106 3772 uergihen
1128 3689 1187 3754 ind
1211 3697 1263 3754 lun
1287 3691 1392 3757 ebund
1407 3693 1483 3757 allen

290 3797 359 3871 den,
377 3797 427 3861 die
444 3796 529 3859 disan
546 3796 630 3881 priei
639 3799 734 3862 lesent
750 3799 825 3863 oder
840 3799 949 3864 horent
961 3798 1057 3876 lesen,
1073 3800 1104 3864 di
1120 3820 1158 3863 ns
1174 3797 1279 3864 lebent
1290 3801 1352 3865 rnd
1368 3802 1484 3868 borneb

289 3907 437 3990 obumllig
453 3905 604 3979 werdoni,
629 3908 683 3971 dau
700 3908 778 3973 mein
795 3917 889 3981 veter,
905 3909 975 3973 dem
997 3917 1052 3993 got
1066 3908 1177 3994 genad‚
1194 3909 1267 3973 bern
1282 3912 1415 3996 Seisrid
1430 3934 1481 3976 m

291 4015 551 4102 Obrunicbpercb
577 4014 628 4080 hat
654 4019 804 4100 geschadt
838 4018 897 4082 vnd
929 4020 1061 4103 gigeben
1090 4020 1140 4102 pei
1167 4021 1285 4083 seinem
1313 4019 1407 4085 leben
1433 4022 1482 4085 mit

289 4125 405 4187 nisinen
421 4131 522 4205 putem
541 4124 638 4190 willen
654 4127 714 4192 rnd
736 4128 963 4210 verbengnuese
986 4128 1046 4193 den
1062 4128 1179 4193 ilerren
1194 4147 1230 4191 re
1245 4126 1316 4192 dem
1331 4128 1480 4219 beilega

294 4234 430 4299 Cbreutz
447 4234 504 4297 vnd
521 4235 588 4300 dem
605 4232 745 4301 Chloster
761 4239 837 4301 anai
852 4239 946 4322 phuni
960 4237 1060 4321 geltes
1075 4258 1111 4301 ze
1125 4238 1210 4303 rond
1222 4240 1426 4312 Pamin,
1451 4240 1481 4303 di

292 4343 330 4406 da
347 4344 443 4426 ligent
457 4344 487 4407 in
505 4345 559 4408 der
574 4346 702 4414 Lnoben
718 4349 772 4411 aui
786 4348 881 4412 enain
897 4346 1007 4412 halben
1023 4347 1131 4421 leben.
1155 4346 1250 4413 duroli
1266 4349 1336 4412 sein
1361 4349 1479 4415 selred

288 4452 363 4517 aller
380 4454 482 4518 seiner
499 4456 626 4520 vordern
644 4458 702 4521 und
720 4458 779 4522 auh
793 4458 962 4523 narbonen
978 4458 1024 4523 sel
1040 4459 1101 4523 hail
1116 4457 1230 4530 willon.
1255 4457 1318 4521 vnd
1333 4458 1388 4523 bat
1402 4460 1475 4523 indi

283 4560 349 4645 gill
368 4564 500 4647 gigoben
524 4566 576 4631 mit
601 4574 764 4650 sogetaner
785 4587 987 4652 anagenomer
1013 4568 1068 4633 red
1096 4568 1155 4632 rnd
1178 4566 1237 4633 aab
1261 4566 1330 4641 iob,
1359 4568 1422 4634 das
1449 4569 1473 4633 si
