3059 5067
274 389 352 461 324

271 565 394 629 arienne
410 584 446 627 au
462 560 622 646 Phintatag
640 582 695 627 ror
711 560 785 625 sand
804 558 995 639 Vlreichstag
1007 556 1092 620 Nach
1104 555 1198 621 Kristi
1215 554 1354 639 geporde
1371 554 1466 617 Drou-

271 674 381 736 tcehen
396 672 533 735 lluudert
553 671 599 733 iar
620 669 750 733 darnach
773 670 803 732 in
827 668 894 732 dem
917 668 1013 731 Newu
1037 664 1095 729 rod
1118 662 1369 745 Sibeutaigistem
1394 662 1465 725 iare.

1066 772 1378 858 ddpmcdl

347 884 465 957 (trigioal
480 885 526 942 aul
536 884 695 956 Pergamsat
708 883 755 938 mit
768 883 869 954 Siegel.

798 1016 937 1099 CCXC.

271 1148 351 1219 lm,
371 1146 413 1206 to.
433 1146 550 1219 Αιμιῐ.
571 1174 606 1186 -
624 1147 685 1201 oar
702 1144 882 1217 Domcopitel
901 1160 956 1198 oon
975 1141 1056 1197 Ruad
1077 1141 1253 1197 deorlrrrrrdct
1272 1142 1337 1196 cirre
1349 1158 1407 1195 corr
1419 1141 1467 1195 der

270 1237 353 1294 dotet
371 1238 591 1307 Heilioeukrcsss
607 1237 660 1291 snit
674 1239 838 1305 perconter
854 1234 1044 1305 unporiaelcn
1060 1232 1154 1289 Edico
1178 1231 1336 1304 petrcffene
1361 1232 1468 1288 Grona-

527 1327 723 1398 lrcricdts'punp
735 1326 876 1381 switelm
886 1325 1045 1398 Potcsdors
1052 1324 1111 1380 und
1123 1323 1215 1379 Belial

365 1428 533 1514 Capitulum
562 1427 698 1494 ecclesie
727 1430 910 1495 laetiensis
937 1427 1074 1492 omnihus
1102 1426 1209 1491 christi
1242 1424 1384 1489 fidelibus
1410 1429 1467 1490 tam

275 1538 466 1623 presentibus
496 1558 583 1622 quam
606 1538 716 1602 futuris
739 1539 933 1621 presencium
957 1537 1097 1601 noticiam
1121 1534 1266 1600 habituris
1289 1534 1419 1597 salutern
1441 1536 1470 1597 in

275 1648 395 1712 domiuo
425 1648 627 1731 sempiteram.
660 1643 705 1708 Ad
727 1644 936 1710 uniuersorum
958 1644 1097 1708 noticiam
1119 1642 1224 1707 harum
1240 1643 1321 1705 serie
1336 1643 1470 1705 nolumus

277 1756 342 1820 lieri
359 1757 563 1827 manifestum,
586 1753 667 1837 quod
682 1752 799 1817 nobiles
815 1754 872 1817 viri
888 1753 1023 1835 magistri
1040 1752 1204 1819 Jodonnes
1219 1750 1296 1815 lilius
1312 1750 1470 1836 Symonin

279 1863 452 1953 Greporiuo
487 1867 518 1927 et
547 1863 702 1929 Nicotaus
732 1860 784 1924 lilii
816 1862 920 1947 oropo
950 1861 987 1925 de
1019 1861 1192 1949 Hellespon
1223 1858 1260 1923 ab
1292 1881 1349 1923 uua
1376 1866 1470 1943 parte.

279 1995 315 2037 ex
336 1972 431 2036 altera
452 1992 524 2037 reto
541 1970 712 2052 lleligiosus
731 1970 778 2033 vir
797 1968 892 2033 frater·
908 1968 1082 2039 lohannes,
1107 1968 1194 2032 Prior
1214 1969 1348 2033 ecclesio
1364 1976 1472 2035 soum

278 2080 389 2146 Graccis
420 2080 458 2143 de
489 2078 614 2144 ammio
643 2098 697 2162 pro
729 2077 882 2161 Religioso
913 2078 978 2142 viro
1018 2076 1137 2141 domiuo
1177 2079 1271 2141 suane
1303 2078 1471 2143 Colomuuo

275 2189 384 2254 abbate
407 2186 545 2271 predicte
573 2185 706 2251 ecclesie
730 2192 842 2251 sancte
867 2186 977 2251 Crucis
1005 2204 1105 2251 coram
1128 2185 1214 2249 uobis
1236 2186 1394 2251 constituti
1419 2206 1470 2269 par

275 2296 499 2383 prenominatos
520 2296 683 2377 magistros
710 2294 888 2360 dodanum
912 2292 1003 2358 tilium
1027 2294 1191 2380 Symonis,
1226 2296 1416 2382 Grcporiscn
1442 2302 1471 2357 et

276 2407 459 2476 Nicolaum,
497 2402 576 2467 filios
608 2403 711 2488 Belyd
746 2403 918 2467 confessum
951 2402 1049 2465 extitit
1085 2407 1116 2466 et
1147 2402 1274 2467 relatum
1305 2402 1469 2467 ministerio

276 2514 344 2579 uiue
366 2512 451 2577 uocis
476 2512 573 2596 quod,
596 2512 730 2595 quamuis
752 2512 831 2574 inter
853 2512 936 2593 ipsos
958 2530 1070 2593 graues
1087 2510 1238 2575 discordie
1260 2510 1468 2594 perturbacio-

278 2640 393 2705 nesque
409 2623 567 2683 innumere
584 2624 615 2683 et
639 2618 750 2704 ubique
766 2638 821 2701 pro
839 2618 966 2701 quadam
982 2617 1131 2701 particula
1148 2622 1230 2681 terre
1247 2619 1328 2681 iuter
1345 2638 1467 2701 posscs-

276 2731 391 2793 siouem
415 2727 546 2812 predicti
572 2726 681 2791 domiui
706 2726 870 2792 Colomunr'
897 2724 1029 2797 abbatia,
1057 2724 1258 2810 Potlsuadors
1278 2731 1414 2789 vocatam
1441 2732 1467 2787 et

281 2837 446 2902 eorumden
481 2835 622 2898 nobilium
655 2834 760 2919 netpd
789 2834 918 2898 vocitata
955 2834 1114 2898 existentis
1145 2856 1161 2897 a
1193 2834 1284 2915 longo
1325 2836 1469 2918 temporis

278 2948 382 3032 spacio
398 2945 554 3011 rentillnte
573 2944 718 3016 fuissent,
742 2942 863 3006 tandem
886 2962 941 3026 per
963 2942 1116 3007 ordinatos
1139 2942 1303 3027 proborum
1329 2942 1468 3009 nobilium

279 3056 411 3119 virorum
434 3051 561 3118 eaodem
584 3052 761 3135 particulam
780 3055 864 3115 terre
888 3070 923 3114 ex
948 3056 1031 3115 certa
1049 3053 1172 3116 racione
1189 3052 1345 3137 pertinere
1362 3070 1471 3133 agnos·

278 3169 401 3240 centes,
419 3162 455 3225 ad
474 3161 709 3245 prenominatam
725 3161 950 3245 possessiouem
966 3160 1168 3245 Pollucdorf
1177 3158 1345 3245 supradicti
1361 3159 1472 3223 domiui

277 3270 412 3345 abbatis,
440 3291 478 3334 ne
501 3270 559 3354 ipsi
584 3273 615 3332 et
638 3270 771 3352 ipsorum
793 3286 992 3331 successores
1009 3286 1064 3351 pro
1082 3267 1218 3332 ulteriori
1235 3268 1472 3351 disceptatione,

279 3382 485 3462 occupacioue
502 3375 551 3443 uel
570 3378 725 3440 rteusioue
744 3374 880 3442 utilitatis
897 3374 1032 3439 eiusdem
1049 3384 1131 3441 terre
1147 3379 1262 3460 premio
1279 3376 1472 3441 beatitudinis

278 3491 384 3552 eterne
401 3493 433 3550 et
448 3486 524 3549 lucis
542 3485 687 3548 felicitate
703 3489 895 3568 priuaretur‚
924 3484 1093 3569 predictam
1115 3484 1290 3569 particulam
1313 3489 1399 3547 terre
1415 3484 1472 3547 liti·

277 3597 364 3676 giose
380 3615 448 3659 cum
476 3591 614 3657 omuibus
637 3594 700 3657 suis
721 3592 942 3678 pertinentibus
968 3599 1109 3657 annotato
1137 3592 1255 3657 domino
1272 3595 1369 3657 tantm
1387 3595 1472 3659 Golo-

277 3724 404 3774 monuo,
418 3700 528 3765 abbate
540 3706 572 3765 et
584 3700 665 3764 dicte
678 3702 866 3785 possessioni
883 3702 1017 3767 ecclesie
1033 3702 1296 3786 suePotlrusdors
1305 3702 1363 3765 sub
1381 3702 1473 3766 infra-

277 3813 400 3897 scriptis
417 3812 505 3877 metis
523 3810 571 3875 uel
588 3814 731 3875 metarum
748 3812 994 3875 renouationibus
1011 3812 1040 3875 iu
1058 3818 1235 3898 perpetuom
1254 3814 1473 3892 assignassent,

278 3942 346 4003 ymo
368 3924 603 4003 resignaueruut
626 3925 658 3983 et
680 3921 932 3984 renoncinuerunt
954 3939 1055 3984 coram
1081 3919 1167 3984 nobis
1188 3925 1339 4002 tamquam
1356 3922 1431 3986 Jura
1446 3932 1472 3985 et

279 4030 480 4114 proprietates
505 4028 587 4093 dicte
615 4027 748 4092 ecclesie
769 4028 928 4111 possidere
955 4036 1045 4113 atque
1067 4028 1181 4093 habere
1203 4028 1295 4094 nichil
1321 4027 1407 4095 duris
1432 4030 1472 4093 rel

279 4134 473 4218 proprietatis
486 4134 544 4198 silui
558 4135 633 4218 ipsis
647 4135 696 4199 uel
709 4155 814 4200 eorum
827 4136 957 4218 posteris
972 4137 1097 4220 amplius
1110 4137 1140 4199 iu
1154 4136 1259 4201 eadem
1276 4140 1474 4209 reseruando,

280 4240 366 4303 cuius
389 4241 508 4325 quidem
533 4248 616 4306 terre
644 4248 741 4306 metas
763 4242 902 4326 predicte
924 4249 1027 4327 partes
1053 4244 1106 4308 tali
1134 4246 1241 4309 ordine
1271 4247 1474 4310 reambulatas

279 4353 439 4413 renouatas
461 4358 493 4415 et
515 4357 635 4415 erectas
658 4352 754 4417 luisse
776 4351 957 4425 retulerunt,
984 4351 1063 4437 quod
1087 4355 1181 4436 prima
1199 4360 1277 4417 mota
1293 4354 1474 4440 incipereta

280 4462 364 4541 parte
391 4456 580 4521 meridionali
603 4458 633 4523 io
662 4478 770 4539 magna
798 4458 876 4525 valle
905 4464 936 4523 ct
962 4459 1005 4522 ibi
1033 4465 1140 4524 essent
1168 4466 1230 4526 tres
1260 4468 1342 4526 mete
1377 4469 1474 4527 terreo

280 4586 403 4650 quorum
427 4588 483 4630 vna
507 4586 585 4631 uuuc
607 4570 751 4631 renouata
773 4590 789 4631 a
811 4569 898 4652 plaga
916 4569 1094 4633 occidentali
1119 4570 1255 4653 predicta
1278 4572 1473 4654 possessione
