3059 5067
265 382 342 453 83⁰
415 392 422 403 ’

260 558 379 637 signum
402 573 593 636 cognoscere
615 554 780 637 potuisset,
804 554 931 619 ulterius
947 555 978 617 in
995 553 1110 619 eisdem
1134 555 1225 619 terris
1249 552 1415 619 arabilibus
1431 562 1464 619 et

260 663 438 749 quibusdam
455 664 615 744 segetibus
631 664 668 727 ad
686 662 835 748 quandam
852 664 1056 727 tumositntem
1075 671 1158 727 terre
1175 663 1401 733 accessissent,
1429 664 1460 725 in

260 792 319 857 qua
335 771 411 837 dnos
423 790 551 853 magnos
566 771 684 854 lapides
699 773 730 835 in
746 770 847 835 medio
865 778 1004 853 segetum
1022 776 1054 837 et
1070 772 1178 837 nudam
1193 793 1250 857 pre
1265 772 1361 836 iacies
1374 771 1461 835 adia·

260 886 366 945 centes
382 882 614 963 comperissent,
632 900 706 964 quas
721 880 802 944 idem
820 880 993 967 &egerim
1010 900 1066 963 per
1083 886 1179 945 metas
1196 900 1270 963 sepe
1287 878 1369 943 dicte
1385 899 1460 963 pes·

259 990 408 1055 sessionis
435 1008 491 1053 sue
517 988 644 1057 Wcls‘ad
668 993 700 1053 et
728 988 825 1072 ipsius
853 995 937 1053 terre
962 990 1145 1073 Tuncselaa
1168 989 1268 1053 teneri
1290 986 1459 1053 retulisset.

260 1097 424 1163 Predictns
442 1118 515 1163 uero
532 1097 641 1162 Frater
655 1098 815 1174 Joousee,
831 1106 1012 1179 procurator
1028 1096 1124 1179 ipsius
1140 1096 1256 1161 Fratris
1274 1095 1462 1163 Golomosssr'

258 1207 384 1271 distatis
400 1207 584 1271 contrarium
600 1204 762 1289 allegando
780 1204 918 1275 dixisset,
935 1204 1016 1288 quod
1031 1224 1104 1288 sepe
1120 1204 1202 1269 dicta
1217 1205 1308 1286 signa
1322 1205 1458 1277 metalia,

258 1319 394 1400 exceptis
410 1314 565 1399 prioribus
579 1316 676 1379 tritus
692 1315 798 1387 metis,
816 1332 872 1397 per
892 1314 990 1398 ipsum
1008 1314 1213 1401 Gregoriusa,
1233 1311 1326 1378 lilium
1341 1314 1458 1385 Balad.

260 1444 317 1507 pro
340 1425 429 1490 metis
450 1430 573 1489 ostensa
595 1429 701 1487 essent
723 1424 754 1487 in
782 1422 978 1507 possessione
1007 1420 1144 1505 predicta
1172 1421 1293 1485 Domini
1315 1420 1459 1495 abbatis,

260 1535 440 1618 Flsncfslsc
470 1534 620 1599 nominata
642 1538 674 1596 et
696 1530 809 1597 nullum
829 1531 964 1614 ipserum
992 1530 1147 1614 signorum
1168 1536 1248 1594 meta
1270 1536 1375 1603 esset,
1402 1550 1459 1595 nee

258 1643 376 1707 luisset.
416 1641 535 1706 Deinde
556 1660 613 1724 per
640 1646 767 1722 segetes
790 1646 820 1703 et
842 1640 909 1703 loca
932 1638 1085 1723 pascuelis
1109 1639 1147 1703 ad
1170 1657 1309 1720 magnum
1325 1639 1458 1722 spatium

258 1771 368 1815 ueram
395 1756 531 1835 quartam
558 1750 789 1834 possessionem
818 1768 943 1813 uacuam
972 1754 1004 1813 et
1035 1747 1254 1815 habitatoribus
1279 1746 1459 1813 destitutam

259 1861 445 1925 Zentmora'o
461 1860 656 1933 nominatam,
673 1859 723 1923 nlsi
738 1858 775 1923 ad
793 1862 908 1942 partem
926 1856 1154 1923 meridionalem
1171 1855 1269 1921 eundo
1286 1857 1458 1941 predictus,

257 1968 432 2057 Gregorius
443 1976 508 2033 tres
523 1974 619 2032 metae
636 1968 833 2040 ostendisset,
850 1987 974 2051 querum
993 1986 1078 2031 unam
1095 1986 1151 2049 pro
1168 1965 1247 2029 dicte
1260 1965 1460 2049 possessione

256 2096 310 2141 sue
337 2076 474 2146 Wels'ud,
503 2075 626 2139 alteram
651 2096 706 2159 pro
730 2081 800 2139 ante
822 2075 902 2139 dicta
925 2078 1006 2139 terro
1023 2075 1226 2144 Zentmora'o.
1250 2073 1378 2137 terciam
1401 2092 1458 2156 pro

257 2184 373 2268 prelata
402 2193 487 2247 terra
519 2185 701 2267 dlsnufolusn
729 2184 826 2267 ipsius
854 2183 973 2249 Domini
1006 2182 1130 2247 nubatis
1159 2182 1352 2263 distinguere
1384 2180 1459 2243 item

258 2294 432 2381 Gregorius
454 2292 649 2364 affirmasset,
672 2295 704 2356 in
726 2292 836 2377 quibus
854 2297 958 2375 partes
987 2298 1143 2374 prenotate
1170 2293 1201 2357 in
1223 2289 1305 2357 nullo
1334 2289 1458 2354 discor·

258 2402 382 2466 dassent
398 2409 430 2465 et
445 2422 532 2467 unam
548 2422 585 2466 ex
601 2401 748 2484 predictis
765 2400 862 2465 tribus
879 2402 966 2466 metis
984 2420 1091 2466 uersus
1108 2401 1226 2486 plegem
1240 2400 1458 2485 septematrio-

256 2511 353 2575 uelem
380 2512 468 2575 silam
496 2517 677 2596 proseratur
703 2510 777 2575 dicti
802 2511 919 2577 Domini
941 2510 1066 2575 nubatis
1095 2530 1148 2595 pre
1172 2510 1238 2594 ipsa
1254 2510 1456 2594 possessione

258 2620 440 2706 disnosolso
455 2621 597 2685 renouari
612 2618 769 2705 petiisset,
790 2620 821 2684 in
843 2618 1067 2683 ostensionibus
1083 2639 1155 2683 uero
1172 2624 1317 2683 metarum
1335 2618 1457 2701 pretate

255 2730 460 2813 possessionis
479 2731 663 2813 Tsuofolsso
678 2749 715 2793 ex
733 2732 820 2812 perte
836 2728 1045 2812 prenominete
1062 2728 1265 2809 possessionis
1285 2727 1454 2791 Wela'srdin

254 2837 383 2921 qnodem
404 2836 564 2921 priuilegio
587 2838 682 2919 ipsius
705 2836 850 2921 Capituli
863 2836 1045 2901 ,tomaene
1061 2854 1117 2918 per
1133 2840 1364 2920 procuratorem
1381 2835 1454 2901 dicti

254 2946 372 3009 Domini
390 2944 516 3010 estatis
539 2946 569 3009 in
587 2948 694 3027 specie
709 2944 842 3008 exhibito
859 2946 1066 3007 contentorum
1084 2942 1136 3007 tali
1153 2944 1261 3007 ordine
1278 2943 1453 3039 processis·-

253 3057 338 3125 sent‚
366 3053 447 3139 quod
471 3054 567 3137 prime
591 3055 783 3136 incepissent
806 3053 884 3117 iuxta
902 3052 1128 3134 possessionem
1145 3052 1348 3123 Zeratsranain,
1372 3052 1455 3134 prins

253 3162 453 3231 nominatam.
469 3182 488 3226 a
503 3162 629 3227 meridie
646 3166 677 3225 et
691 3160 763 3225 inde
780 3160 1014 3244 protenderetur
1030 3160 1069 3225 ad
1085 3160 1311 3245 possessionem
1335 3160 1456 3225 wetini

254 3270 291 3333 ad
308 3269 382 3333 dnae
404 3279 499 3334 metas
521 3276 640 3335 terreas
668 3275 851 3355 apparentes
880 3270 917 3333 ab
941 3268 1102 3333 occidente
1125 3276 1157 3333 et
1182 3267 1312 3333 indeed
1343 3268 1454 3333 dictam

254 3380 481 3463 possessionem
494 3379 594 3445 Galus
604 3382 753 3451 uocatam,
766 3378 903 3441 similiter
918 3376 956 3441 ad
973 3376 1048 3441 duas
1063 3380 1160 3441 melas
1175 3380 1294 3441 terreas
1309 3376 1350 3439 ab
1366 3379 1453 3462 eqni-

253 3486 322 3551 lune
338 3488 414 3551 sitas
437 3492 469 3552 et
489 3486 561 3551 inde
585 3488 797 3551 reflecteretur
813 3485 850 3550 ed
867 3486 987 3570 plagam
1004 3486 1180 3549 orientalem
1197 3504 1305 3549 uersus
1323 3486 1453 3551 Cariam

251 3596 490 3667 Hoeoolsonsm,
507 3596 550 3659 uti
568 3596 723 3680 predictus
739 3595 846 3659 Frater
860 3597 1005 3663 decenos
1023 3594 1124 3667 Prior,
1142 3599 1323 3677 procurater
1341 3595 1451 3677 prelati

253 3704 371 3769 Domini
387 3703 504 3768 Fratris
522 3706 711 3772 colomanni
723 3704 860 3778 Abbatis,
877 3704 979 3770 taliter
996 3704 1190 3775 astruxisset,
1208 3702 1288 3787 quud
1306 3722 1365 3784 per
1382 3724 1452 3786 pre·

253 3820 371 3880 notatas
399 3820 494 3879 metas
520 3819 661 3879 ostensas
682 3814 712 3877 io
737 3814 819 3879 dicto
841 3813 1003 3896 priuilegio
1027 3815 1122 3895 ipsine
1137 3810 1268 3895 Capituli
1292 3816 1452 3875 contentas

250 3922 357 3989 eadem
371 3927 454 3987 terra
472 3923 655 4006 Tonosolso
670 3921 800 4006 predicti
811 3921 930 3985 Domini
943 3920 1070 3985 Abbatis
1088 3942 1103 3985 a
1122 3918 1237 4003 prelata
1253 3921 1452 4001 possessione

257 4032 382 4098 Weliud
395 4032 529 4095 annotati
546 4031 697 4118 Gregorii
712 4029 844 4116 undique
861 4034 1091 4115 segregaretur,
1109 4030 1248 4113 idemque
1267 4029 1452 4116 Gregorius,

251 4137 331 4202 dlius
345 4138 477 4210 Wels'nd,
494 4139 667 4220 oppositum
684 4138 812 4201 dixisset
826 4136 956 4202 dicendo
973 4137 1027 4200 tali
1044 4136 1143 4207 modo,
1159 4137 1241 4220 qnod
1258 4156 1365 4203 omnes
1384 4159 1451 4221 pre·

252 4248 334 4313 dicte
346 4254 426 4313 mete
438 4250 467 4311 in
481 4248 621 4333 predicto
635 4248 797 4333 priuilegio
811 4254 953 4313 contente
967 4253 997 4311 ct
1013 4256 1139 4313 ostense
1152 4254 1256 4313 essent
1268 4257 1300 4313 et
1313 4250 1451 4321 inissent,

254 4358 313 4420 site
329 4356 359 4419 iu
376 4358 585 4439 prenominata
598 4358 794 4441 possessione
811 4376 864 4419 sua
882 4356 999 4421 Wels'url
1012 4355 1140 4439 quedam
1155 4376 1195 4421 ex
1210 4358 1328 4422 eisdem
1341 4359 1451 4445 alasque

252 4464 332 4528 scitu
347 4485 403 4527 suo
419 4469 564 4527 renouato
581 4472 612 4527 et
627 4464 757 4529 latenter
773 4468 888 4527 erecte.
913 4463 1052 4531 Partibus
1069 4468 1168 4549 itaque
1184 4466 1265 4529 inter
1281 4486 1316 4529 se
1333 4469 1450 4531 discer-

253 4572 394 4637 dantibus
422 4570 600 4656 particulam
634 4574 861 4656 possessionum
891 4572 922 4636 in
950 4572 1002 4637 lite
1037 4578 1241 4639 remanentem
1276 4596 1447 4641 mensurare
