3059 5067
8 10 75 480 l

79 586 132 653 quc
145 569 276 651 partium
294 568 474 638 nicioiores,
498 570 648 633 rectiores
666 574 698 633 et
713 572 954 655 apparenciorcs
973 577 1070 635 metas
1086 572 1273 644 ostenderet,

78 676 213 740 uiderent
228 683 260 740 et
275 676 441 759 diligenter
457 683 597 743 notarent
612 685 644 742 et
661 680 800 763 partitus
816 681 913 765 ipsios
929 683 1157 765 possessionum
1174 701 1272 747 ream·

78 783 259 857 luissioois,
282 792 429 851 metarum
445 788 670 861 institucionis,
697 790 905 853 estirnacionis
928 794 959 854 et
981 790 1166 854 statuitionis
1183 790 1273 855 tinem

7 921 8 924 ¹
78 911 141 956 com
155 894 253 957 totius
274 895 347 958 tacti
366 912 532 978 processu,
561 902 652 981 prout
668 896 701 959 tit
716 896 905 982 expediens,
934 898 1061 962 Domino
1079 904 1181 962 nostro
1198 900 1273 981 Regi

76 1001 111 1064 sd
126 1009 266 1066 octauam
295 1004 366 1067 testi
388 1004 468 1068 lecti
484 1004 613 1087 Georgii
632 1007 773 1091 Martyris
796 1011 867 1071 tone
890 1008 1040 1073 uenientis
1056 1006 1189 1071 fideliter
1204 1027 1273 1071 res-

77 1110 173 1174 cribet
187 1108 360 1195 Capitulum
377 1113 573 1179 antedictum.
598 1116 733 1179 Tandem
755 1116 832 1199 ipsis
860 1115 898 1179 ad
921 1115 1032 1179 testum
1049 1115 1129 1180 beati
1148 1115 1274 1197 Georgii

75 1218 257 1283 instantibus
271 1220 381 1284 Fratre
402 1230 490 1285 antes
513 1224 631 1306 pretato
648 1224 775 1287 Domino
793 1224 963 1289 Colomono
979 1224 1096 1288 Abbata
1119 1244 1185 1289 cum
1203 1244 1275 1308 pro-

75 1330 240 1392 curatoriis
268 1328 378 1393 litteris
401 1332 502 1394 missis
525 1332 562 1394 ab
578 1350 650 1404 uns,
674 1334 746 1395 item
763 1334 910 1415 magister
927 1333 1085 1405 Celusius,
1104 1330 1274 1397 Canonicus

74 1437 209 1501 ecclesie
223 1437 421 1509 lotariensis,
446 1458 501 1522 pro
518 1445 677 1512 annomto,
703 1440 874 1528 Grcporio,
898 1439 959 1503 tilio
975 1442 1093 1511 Belud,
1117 1460 1183 1504 cum
1200 1460 1274 1523 pro-

74 1548 238 1612 curatoriis
253 1546 367 1612 litteris
383 1548 457 1611 dicti
470 1550 616 1635 Capituli
624 1551 807 1616 ,laurissam
822 1558 909 1633 parte
927 1549 963 1613 ab
980 1550 1086 1623 altero,
1104 1549 1273 1614 adnostros

4 1691 5 1696 κ
73 1659 236 1719 uenientes
261 1658 468 1739 presenciam,
496 1656 616 1721 litteras
642 1658 798 1719 memorati
816 1656 960 1743 Capituli
979 1658 1162 1723 Jarrricusis
1183 1678 1276 1740 super

72 1766 236 1849 premissis
258 1766 386 1828 Domino
406 1764 519 1828 Nostro
546 1765 624 1849 Regi
645 1765 892 1849 inscriptionales
914 1766 1055 1850 utrinque
1082 1765 1171 1829 uobis
1200 1786 1275 1851 prc-

73 1878 185 1944 statas,
209 1873 400 1938 declarantes
416 1874 496 1936 intcr
511 1880 631 1947 cetera,
656 1873 737 1959 qood
754 1872 853 1956 ipsum
870 1871 1038 1957 Capitulum
1054 1873 1187 1957 receptis
1203 1892 1275 1957 pre·

72 1981 167 2045 dietis
186 1982 299 2044 litteris
320 1982 432 2045 nostris
449 1982 679 2045 adiudicatorlis
693 1982 773 2045 iuxta
791 1982 963 2045 earumdem
981 1982 1201 2046 continenciam
1218 2000 1274 2045 una

75 2108 143 2154 cum
160 2090 308 2161 Siracos,
326 2090 386 2153 tilio
402 2092 498 2155 Pauli
513 2092 553 2155 de
567 2092 702 2162 Zelcste,
719 2090 870 2153 domiuum
886 2091 1061 2161 loannem,
1084 2090 1275 2155 sacerdotem

75 2219 132 2284 pro
150 2204 241 2283 parte
256 2200 352 2281 ipsius
365 2199 516 2287 Grcporii
530 2200 653 2269 actoris,
670 2202 742 2260 item
760 2219 827 2262 cuna
837 2199 988 2265 Maliaco
1003 2201 1044 2264 de
1054 2201 1164 2271 Karta,
1181 2200 1278 2280 magi·

74 2315 174 2372 strum
210 2308 396 2395 Compitum,
432 2309 669 2371 concanonicum
698 2308 832 2390 ipsorum
860 2328 916 2391 pro
950 2314 1036 2391 parte
1064 2306 1136 2371 dicti
1167 2307 1277 2371 domini

75 2415 205 2479 nonaria
215 2416 245 2477 in
258 2434 350 2478 causa
360 2416 480 2479 attracti
493 2414 663 2479 homiuibus
672 2416 766 2498 regiis
781 2415 916 2479 homines
929 2417 1062 2500 ipsorum
1075 2416 1112 2479 ad
1126 2434 1277 2500 exequen-

75 2527 148 2590 dum
166 2525 316 2609 promissa
332 2543 388 2608 pro
403 2525 588 2589 testimoniis
605 2530 827 2609 transsumptos
844 2523 903 2588 lide
920 2525 1045 2608 dignos,
1074 2525 1125 2610 qui
1141 2528 1276 2609 postmo-

75 2635 150 2699 dnm
167 2634 206 2697 cd
223 2635 321 2717 ipsum
338 2631 508 2715 Capitulum
525 2636 642 2698 reuersi
659 2634 761 2699 eidem
777 2633 974 2699 concorditer
987 2634 1179 2706 retulissent,
1196 2633 1275 2717 quod

74 2746 135 2828 ipsi
152 2743 185 2805 in
201 2740 292 2805 dietis
304 2740 429 2805 Oetacis
446 2742 506 2805 diei
522 2743 623 2807 medie
636 2741 875 2825 Quadragesime
891 2742 927 2805 sd
944 2742 1039 2804 iacies
1052 2742 1276 2826 possessionum

80 2851 209 2918 Wcliud
229 2854 262 2914 et
284 2851 467 2933 Tuncsotuo
489 2857 661 2915 uocatarom
684 2852 791 2915 uicinis
815 2858 846 2914 et
866 2851 1080 2915 commetoneis
1102 2849 1275 2913 eorumdem

73 2961 142 3037 dlic
159 2961 295 3044 legitime
317 2961 509 3032 conuocatis,
538 2961 637 3026 dictos
662 2961 834 3049 Greporio,
858 2959 920 3025 illio
941 2960 1058 3026 Boliud
1078 2978 1132 3042 pro
1158 2959 1277 3042 pretato

73 3090 153 3134 uero
165 3068 276 3131 Fratre
289 3068 480 3133 Colomonao
496 3067 622 3141 nobaia,
640 3068 793 3150 Religioso
806 3069 883 3141 uiro,
900 3066 1008 3131 Fratre
1020 3068 1155 3143 Joonne,
1172 3067 1276 3130 Priore

73 3187 105 3244 et
133 3179 273 3261 legitimo
301 3184 500 3262 procuratore
523 3179 658 3243 eiusdem
688 3177 882 3261 presentibus
909 3179 1115 3241 accessissent
1143 3180 1174 3239 et
1198 3175 1275 3239 hanc

72 3290 190 3352 dictam
215 3289 440 3370 possessionem
462 3288 588 3353 Wciiud
614 3288 744 3370 predicti
770 3288 881 3351 actoris
905 3292 1024 3370 aparte
1041 3286 1136 3369 ipsius
1152 3304 1275 3368 posses·

72 3395 175 3460 sionis
192 3396 373 3479 illnosulua
389 3396 469 3459 iuxta
486 3394 775 3458 determinacioncm
793 3394 924 3459 annotati
938 3393 1095 3480 Grcporii,
1114 3392 1164 3455 lilii
1176 3393 1279 3457 nacco

72 3505 137 3568 lsoc
160 3502 248 3565 modo
270 3502 525 3575 rearobulosscnt,
553 3504 635 3587 quod
658 3504 755 3587 primo
779 3504 965 3586 incepissent
981 3504 1009 3564 in
1026 3500 1154 3584 quodam
1172 3520 1276 3582 campo

71 3610 213 3695 pascuali
241 3630 348 3674 uersus
373 3612 598 3693 possessionem
617 3613 717 3676 Galus
743 3617 899 3677 uocatam,
928 3609 977 3674 ubi
999 3608 1076 3671 idem
1104 3607 1277 3694 Grcporius

72 3728 144 3784 tres
156 3726 253 3783 metas
265 3724 384 3782 terreas
396 3720 592 3791 ostendisset,
603 3718 836 3803 quasMotlsios,
852 3718 929 3783 iilius
942 3718 1070 3783 maeel
1082 3725 1113 3780 et
1122 3717 1274 3787 Joouaes,

71 3830 157 3895 filius
169 3830 289 3895 Berlod
306 3846 364 3891 non
373 3848 430 3912 pro
443 3827 589 3910 predictis
602 3828 846 3912 possessionibus
861 3828 1139 3913 ipsarumparoiurn,
1153 3825 1207 3890 sed
1221 3845 1275 3909 pro

72 3938 185 4004 eadem
202 3938 399 4021 possessione
416 3938 548 4022 ipsorum
567 3937 666 4002 Galus
689 3936 912 4023 distinquentcs
936 3937 1040 4001 iacere
1063 3936 1277 4006 asseruissent,

72 4068 154 4134 quas
170 4050 260 4111 etiarn
283 4046 362 4110 idem
379 4044 489 4110 Frater
504 4047 647 4113 loannes
668 4066 721 4110 suo
738 4047 827 4112 modo
850 4045 1067 4130 relinquendas
1083 4043 1275 4113 affirmasset,

74 4156 115 4223 ab
133 4156 204 4220 hinc
220 4156 345 4220 ulterius
368 4155 563 4239 procedendo
586 4174 695 4219 uersus
717 4159 833 4239 partem
855 4152 1074 4219 occidentalem
1100 4172 1156 4235 per
1178 4159 1277 4215 terras

74 4266 209 4333 arabiles
225 4264 262 4329 ad
280 4263 430 4350 quoddam
447 4264 590 4328 lassatum
609 4263 822 4337 deuenissent,
852 4266 881 4328 in
904 4284 963 4349 quo
981 4262 1139 4347 predictus
1158 4261 1279 4348 Creps-

73 4378 156 4447 rius,
173 4372 255 4438 tilius
271 4374 392 4442 Belud,
418 4373 490 4436 olim
513 4372 588 4435 duas
607 4379 703 4436 metas
720 4373 816 4438 luisse
835 4372 972 4456 primitus
990 4374 1136 4435 reuocate
1153 4386 1279 4453 posses·

76 4486 173 4550 sionis
201 4503 257 4547 sue
283 4483 408 4549 Wcliud
435 4483 672 4567 distinquentes,
701 4483 757 4546 sed
781 4482 908 4566 populos
932 4482 1028 4548 Curis
1050 4478 1278 4545 discoctorum

77 4592 201 4657 easdem
224 4596 380 4674 peraratas
406 4593 588 4662 extinxisse,
617 4590 798 4674 dissipasse,
832 4590 882 4654 ubi
905 4595 1003 4655 tamen
1033 4588 1146 4653 nullum
1167 4585 1278 4650 metale
