3059 5067
1173 403 1248 475 tas

43 585 252 668 apostolorum
260 585 317 646 iam
325 585 503 668 preteritum
509 582 539 645 in
547 580 616 644 villa
624 582 731 652 Oscor,
739 581 926 648 uniuersitcti
934 581 1074 646 nobilium
1083 579 1249 645 Comitatus

40 691 274 777 semema
297 692 417 755 nomine
439 695 544 755 nostro
566 689 719 755 celebrata
736 691 884 775 quandam
901 693 1129 774 possessionem
1149 693 1249 758 uere-

36 801 141 884 sowa,
151 800 214 866 alio
224 800 691 888 nomined'opondorsrocatam,
701 797 886 864 hereditario
895 799 971 866 iure
979 799 1038 865 sibi
1046 803 1248 886 pertinentem

39 929 97 991 per
113 909 244 972 tratrem
260 909 374 998 Αρρηί,
391 909 568 990 magistram
586 908 779 973 blonacornm
800 907 932 973 ecclesie
948 909 1069 975 Sancte
1083 909 1194 976 Crocia
1209 908 1248 973 de

41 1017 367 1084 emmennone
388 1023 420 1082 et
441 1017 552 1081 tratres
568 1018 614 1080 sni
638 1015 753 1081 ordinis
775 1017 936 1082 abeodem
960 1023 1137 1102 occupatam
1154 1017 1249 1082 inisse

38 1127 266 1211 proposuisset,
279 1133 311 1192 et
323 1133 470 1213 occupate
483 1127 668 1192 detentionis
679 1127 777 1212 ipsius
790 1148 844 1192 sne
856 1127 1059 1213 possessionis
1072 1129 1102 1192 in
1115 1129 1249 1192 examine

37 1236 215 1304 iudiciario
243 1237 380 1302 eiusdem
405 1237 596 1322 viccpalatini
625 1239 777 1302 racionem
805 1237 844 1302 ab
872 1236 985 1301 eisdem
1015 1237 1159 1302 iratribus
1187 1236 1247 1302 sibi

37 1345 102 1410 dari
120 1343 322 1429 postulasset,
345 1346 416 1428 lpse
432 1345 527 1409 trater
542 1346 665 1432 Aypct,
695 1345 840 1427 magister
856 1345 1048 1410 Monacorom
1065 1343 1156 1410 Curia
1172 1365 1246 1430 prc-

37 1453 139 1528 dicte,
170 1455 208 1518 et'
218 1453 278 1518 duo
294 1453 405 1517 tratres
422 1455 469 1520 sni
483 1453 616 1523 ordinis,
646 1452 786 1536 predicte
802 1455 1039 1536 congregacioni
1056 1458 1159 1519 nostre
1175 1457 1247 1518 tunc

35 1561 246 1647 personaliter
258 1561 452 1635 adherentes,
470 1561 598 1628 eandem
610 1563 837 1646 possessionem
852 1563 1035 1648 Terocsoluc,
1052 1563 1110 1628 alio
1127 1564 1247 1628 nomine

33 1671 236 1758 ancadorf
243 1672 413 1742 recitatam,
428 1670 523 1752 tytulo
533 1670 630 1750 liegie
643 1669 821 1735 donacionis
838 1669 1119 1737 efficacissimornm
1132 1672 1246 1736 instru-

36 1785 213 1844 mentorum
226 1776 335 1860 sigore
351 1777 411 1841 sibi
426 1779 583 1862 pertinere
598 1776 802 1860 allegassent,
819 1784 851 1844 et
866 1778 903 1844 ab
921 1779 1029 1845 eodem
1045 1779 1245 1865 vicepalatino

34 1897 145 1954 nostro
163 1889 325 1952 terminum
342 1887 536 1953 exhibitionis
558 1887 814 1972 preallcgatorum
838 1909 959 1954 suorum
976 1891 1245 1954 Instrumentorum

33 1999 98 2063 dari
116 1998 339 2082 postulassent,
357 1996 468 2080 quibus
479 1997 776 2082 ipscrioepalatinns
790 2003 894 2062 noster
911 1999 947 2064 ad
960 1998 1125 2064 Juridicam
1142 2019 1244 2064 eorum

33 2109 224 2190 peticionem
240 2111 401 2192 presentes
415 2105 547 2171 0ctauas
563 2105 623 2171 diei
640 2110 810 2170 strenarum
827 2126 882 2190 pro
900 2108 1027 2172 termino
1044 2106 1244 2172 exhibicionis

33 2236 163 2281 snorum
182 2215 450 2280 instrumentorum
465 2218 571 2278 tenore
585 2233 706 2278 suarum
722 2212 890 2278 litterarum
907 2214 1031 2280 lormam
1042 2216 1183 2299 premissi
1196 2227 1244 2290 sui

31 2325 150 2390 ludicii
164 2323 386 2408 explicancinm
395 2322 593 2406 assignasset.
607 2321 740 2386 'landem
749 2323 807 2386 iam
819 2322 909 2387 dictis
918 2324 1043 2388 Octauis
1053 2323 1111 2388 diei
1121 2329 1248 2389 strena?

30 2455 97 2500 rum
107 2432 332 2498 occurentibus
340 2429 753 2518 pretatusStepbonuslilios
762 2431 1034 2498 Mcesadnostram
1043 2433 1243 2517 personaliter

30 2543 190 2607 accedens
209 2541 399 2625 presenciam
416 2539 503 2604 nobis
519 2541 664 2625 quasdam
681 2545 819 2623 patentes
836 2541 955 2606 litteras
973 2541 1067 2625 ipsius
1084 2542 1239 2625 vicepala·

31 2651 86 2717 tini
103 2651 210 2717 nostri
227 2651 456 2722 demonstrauit,
472 2651 682 2721 continentes,
705 2656 738 2714 rt
752 2649 818 2734 ipse
840 2651 1025 2738 Stephanos
1040 2652 1069 2714 in
1086 2653 1152 2738 ipsa
1167 2671 1241 2716 con-

32 2760 228 2842 gregacione
244 2766 346 2823 nostra
362 2777 530 2840 exsurgens
545 2763 711 2842 protectam
728 2759 954 2841 possessionem
975 2761 1164 2844 Tenesnloo,
1182 2755 1242 2822 aiio

32 2871 159 2934 nomine
174 2868 370 2957 anundorf
384 2867 562 2938 recinam,
590 2866 776 2931 hereditario
793 2866 868 2930 Jurc
890 2867 948 2931 sibi
964 2869 1111 2952 pertineri
1127 2867 1242 2933 debere

34 2977 220 3062 allegando,
249 2984 280 3041 vt
303 2978 408 3042 eadem
435 2977 591 3061 possessio
618 2977 686 3061 ipso
703 2975 887 3042 hereditario
903 2977 978 3041 dure
1000 2977 1058 3042 sibi
1083 2978 1241 3062 pertinens

33 3088 202 3158 existeret,
225 3085 263 3150 ad
280 3085 433 3151 iudicium
450 3083 594 3150 nobilium
609 3084 846 3168 iuratorumqne
862 3105 1052 3150 assessorum
1069 3106 1104 3150 ac
1121 3087 1241 3150 uniuer-

34 3217 136 3262 sorom
162 3193 307 3260 nobilium
329 3196 425 3279 ipsius
449 3192 615 3258 Comitatus
638 3194 866 3267 Mosoaicnscb,
893 3195 925 3258 in
952 3214 1011 3278 quo
1040 3194 1189 3260 Comitatu
1211 3201 1242 3260 et

34 3309 100 3391 ipsa
119 3307 299 3389 possessio,
325 3323 414 3389 qoam
430 3304 516 3368 titulo
531 3306 578 3368 sui
595 3304 679 3368 Jrrris
694 3303 869 3367 hereditarii
885 3303 923 3368 ab
938 3303 1014 3387 ipsis
1030 3303 1173 3368 tratribus
1189 3325 1240 3368 re·

35 3415 204 3499 quirebat,
230 3413 395 3485 existebat,
423 3411 673 3478 testiticaoionem
696 3433 731 3476 se
746 3411 940 3478 submisisset
955 3413 986 3475 in
1002 3411 1060 3478 hac
1076 3419 1170 3496 parte.
1204 3413 1242 3476 Et

34 3524 106 3588 dum
121 3524 197 3607 ipse
214 3522 431 3607 ricepalatioua
447 3527 552 3588 noser
565 3523 648 3587 ,luris
664 3522 770 3586 ordine
785 3527 968 3606 exposcente
983 3521 1107 3586 eosdem
1122 3522 1241 3586 ludices

31 3631 183 3696 nobilium
200 3629 324 3694 ,iuratos
340 3650 533 3702 assessores,
551 3635 704 3715 totamque
720 3628 962 3694 communitatem
980 3628 1142 3702 nobilium,
1165 3649 1241 3715 qua·

31 3738 103 3804 liter
119 3741 171 3802 eis
185 3741 334 3822 premisse
349 3738 554 3822 possessionis
567 3740 680 3802 veritas
696 3743 862 3811 constaret,
879 3738 916 3800 ad
930 3737 1019 3801 iidem
1036 3737 1094 3802 deo
1107 3737 1239 3801 debitam

33 3847 276 3931 fidelitatemque
286 3847 383 3930 liegie
396 3847 514 3911 Corone
530 3847 768 3912 conseruandam
785 3846 883 3912 Tecto
900 3846 1023 3910 uinitice
1040 3848 1141 3910 crucis
1158 3845 1241 3926 ligno

33 3957 198 4040 prestitam
207 3955 367 4040 requisitos
374 3955 539 4027 babuisset,
551 3954 898 4039 lpsiJudicesnobilium
909 3955 1042 4020 etdurati
1055 3975 1241 4026 assessores,

34 4065 232 4149 uniuersique
255 4064 375 4128 nobiles
397 4065 493 4149 ipsius
509 4063 675 4130 Comitatus
700 4085 755 4149 per
781 4063 921 4148 predicte
938 4063 1065 4147 prestito
1082 4062 1153 4128 tidei
1177 4063 1240 4126 sin-

33 4177 210 4244 ceritatem,
222 4172 347 4237 eandem
360 4173 587 4258 possessionem
598 4171 785 4237 hereditario
798 4173 874 4237 Jure
883 4171 1155 4258 eidemStcpboao
1168 4192 1240 4256 per-

33 4284 135 4347 tinere
160 4280 277 4346 debere
299 4281 442 4345 concordi
470 4280 688 4346 testiiicacione
704 4279 922 4351 affirmassent,
952 4279 1066 4364 Sicqne
1082 4281 1150 4364 ipse
1165 4281 1240 4346 Ste-

30 4394 166 4479 plrcnus
180 4389 358 4474 prelibatam
381 4391 605 4474 possessionem
631 4391 738 4472 rigore
762 4389 944 4472 prelatorum
962 4388 1128 4452 litterarum
1152 4389 1241 4452 testi-

36 4499 241 4565 licatoriarum
256 4499 386 4564 omnium
410 4497 554 4561 nobilium
577 4496 874 4581 compronincialium
892 4515 1032 4568 snorum,
1055 4497 1240 4560 hereditario

36 4611 112 4675 dure
138 4608 200 4672 sibi
221 4606 408 4691 pertinuisse
429 4611 463 4671 ct
489 4607 604 4672 debere
625 4609 781 4691 pertinere
797 4605 942 4672 exhibuit.
969 4605 1101 4687 Quarum
1117 4606 1239 4691 quidem

70 4728 168 4774 sensu.
186 4725 256 4770 anan.
268 4723 295 4769 η.
308 4724 347 4769 nc.
359 4724 415 4769 xvi.
989 4711 1022 4767 la
