3059 5067
285 413 336 487 54

283 587 363 675 quod
381 589 485 655 eadem
504 592 610 655 domus
627 610 681 655 seu
697 592 825 675 grangia
841 611 897 674 par
913 590 1078 654 exercitum
1094 596 1125 654 et
1136 589 1321 655 descensum
1338 596 1485 658 nostrum

283 718 370 782 quem
404 719 500 783 prope
527 700 640 766 Mosam
673 698 831 764 habuimus
860 703 892 764 et
923 700 1070 772 lecimus,
1112 697 1239 782 dampna
1270 718 1332 762 non
1370 698 1486 762 modica

283 827 430 891 perpessa
460 808 628 882 extitisset,
656 808 687 872 in
715 828 841 893 quorum
863 807 984 892 quidem
1011 806 1205 891 dampnorum
1234 807 1485 893 reconpensatio·

282 936 351 979 uem
382 915 528 1002 quandam
555 922 666 981 terram
694 918 787 983 castri
820 916 916 980 nostri
940 916 1153 982 Musunicncis
1185 917 1317 982 chbun
1338 924 1485 987 nocuum,

284 1031 385 1090 nostre
417 1023 569 1089 collationi
606 1026 823 1109 pertinentem,
841 1030 875 1089 ut
893 1025 1047 1099 dixerunt,
1071 1046 1088 1088 a
1110 1024 1198 1089 nobis
1222 1024 1322 1089 eidem
1351 1024 1485 1088 ecclesie

284 1132 349 1197 dari
366 1138 396 1198 et
421 1132 552 1198 conferri
574 1134 725 1198 humiliter
739 1133 944 1220 supplicando
965 1134 1134 1217 postularit.
1172 1132 1234 1198 Nos
1251 1134 1349 1214 igitur
1365 1133 1486 1215 petitio·

282 1241 367 1306 nibus
395 1242 530 1307 eiusdem
556 1242 658 1307 fratris
688 1244 845 1309 Corrordi
869 1243 920 1327 pie
948 1246 980 1306 et
1013 1241 1217 1305 innutabiliter
1244 1241 1382 1306 inclinati
1414 1261 1482 1324 pre-

283 1349 392 1415 dictam
413 1357 525 1416 terram
547 1350 674 1417 chbon
695 1359 831 1416 uocatam
855 1372 979 1416 uacuam
1006 1356 1036 1415 et
1064 1350 1279 1415 habitatoribus
1308 1350 1484 1413 destitutam

284 1478 350 1523 oum
372 1461 463 1525 terris
480 1459 659 1532 arabilibus,
688 1458 859 1524 nemoribus
881 1478 936 1524 seu
957 1460 1076 1523 frutetis
1093 1478 1129 1522 ao
1145 1458 1210 1541 alijs
1225 1457 1410 1522 utilitatibus
1426 1456 1483 1519 suis

284 1568 449 1641 uniuersis,
473 1567 527 1633 Cui
554 1569 675 1654 quidem
702 1575 785 1633 terre
815 1588 832 1632 a
859 1573 945 1652 parte
967 1566 1105 1631 orientali
1128 1572 1211 1631 terra
1236 1568 1373 1631 Zornon
1396 1566 1483 1635 diota

284 1676 442 1741 ameridie
459 1696 530 1742 uero
546 1683 628 1741 terra
648 1678 746 1743 Goloa
762 1682 948 1761 nuncaputa,
978 1681 1097 1760 aparte
1112 1696 1184 1740 aero
1201 1673 1391 1739 occidentali
1408 1679 1483 1737 terra

284 1784 417 1849 eiusdem
435 1784 540 1850 domus
556 1794 665 1852 sancte
686 1786 808 1853 culeis
823 1785 947 1850 vicinari
963 1785 1118 1859 dicuutur,
1146 1790 1208 1847 urm
1224 1783 1262 1848 ob
1280 1784 1483 1854 deuotionem,

283 1912 371 1977 quam
392 1913 476 1958 more
498 1894 624 1960 aliorum
640 1896 753 1977 Regum
777 1895 1006 1979 progenitorum
1028 1899 1198 1957 nostrorum
1218 1892 1276 1957 deo
1302 1890 1481 1955 deuotorum

284 2020 356 2083 erga
373 2004 498 2066 eandem
515 2002 676 2068 ecclesiam
691 2010 802 2070 sancte
817 2002 940 2069 couno
955 2002 1129 2085 specialiter
1146 2001 1298 2084 gerimus,
1316 2004 1382 2063 tum
1398 1999 1482 2061 etiam

282 2111 312 2171 in
339 2111 572 2176 satisfactionem
600 2118 630 2175 et
656 2112 956 2195 reconpensationem
983 2109 1181 2195 dampnorum
1209 2107 1350 2193 predicte
1382 2106 1480 2171 domui

283 2238 340 2301 per
367 2220 530 2285 exercitum
559 2226 691 2285 nostrum
723 2218 821 2284 eidem
848 2220 1048 2302 irrogaturum
1080 2219 1179 2283 eidem
1210 2216 1344 2281 ecclesie
1372 2224 1480 2281 aurudo

284 2328 407 2393 couno
423 2332 454 2391 et
470 2328 570 2391 domui
586 2328 766 2417 Nconongn
790 2328 942 2392 antedicto
964 2326 1118 2400 dedimus,
1145 2326 1321 2390 donanimus
1345 2345 1384 2388 eo
1408 2323 1480 2393 iure.

282 2456 341 2520 quo
353 2443 456 2500 nostre
468 2437 564 2519 Regie
574 2436 727 2501 collationi
740 2440 897 2521 pertinere
910 2436 1086 2507 dinoscitur,
1099 2439 1246 2519 perpetuo
1255 2432 1479 2517 possidendam

282 2544 442 2608 tenendam
459 2550 489 2609 et
505 2544 669 2611 habendam
686 2546 752 2609 sine
769 2544 933 2629 preiudicio
950 2544 1023 2607 iuris
1039 2543 1145 2617 alieni,
1163 2564 1179 2607 a
1195 2542 1315 2607 Judicio
1332 2546 1364 2605 et
1380 2540 1479 2606 Juris·

282 2652 416 2716 dictione
442 2652 588 2717 Comitum
618 2652 656 2717 de
683 2653 830 2719 Messenio
863 2671 919 2737 pro
953 2656 1091 2734 tempore
1124 2651 1353 2715 constitutorum
1385 2649 1479 2732 ipsam

282 2767 395 2825 terram
410 2764 529 2845 penitus
546 2763 721 2825 eximentes.
754 2759 797 2823 ΙΝ
813 2760 897 2824 cuius
915 2760 960 2823 rei
975 2760 1146 2823 memoriam
1163 2757 1396 2841 firmitatemque
1412 2777 1479 2841 per·

282 2874 403 2953 petuam
419 2874 580 2954 presentes
604 2868 810 2935 concessimus
832 2867 950 2934 litteras
972 2873 1092 2932 nostras
1111 2864 1240 2952 duplicis
1266 2864 1362 2947 sigilli
1384 2866 1477 2929 nostri

284 2978 444 3043 munimine
464 2978 631 3043 roboratas.
657 2978 831 3061 Datumper
843 2995 947 3040 manus
961 2976 1086 3040 discreti
1102 2976 1157 3040 viri
1169 2974 1305 3055 magistri
1317 2974 1476 3039 Jooannts

281 3086 426 3153 Adcnoio
442 3088 575 3153 ecclesie
587 3088 749 3173 Propositi,
766 3087 834 3151 aule
851 3090 955 3150 nostre
971 3083 1212 3150 vicecancellarii
1228 3088 1259 3147 et
1274 3083 1478 3148 archidiaconi

282 3196 496 3261 Kobatllicaccb
524 3196 627 3261 dilecti
650 3202 681 3260 et
703 3194 801 3259 tidelis
822 3195 936 3267 nostri,
963 3214 1038 3257 anno
1067 3193 1178 3257 domini
1206 3192 1368 3257 blillesimo
1389 3191 1479 3256 000·

282 3301 399 3367 decimo
422 3310 545 3381 octauo,
574 3302 680 3367 X⁰V1⁰.
697 3302 842 3368 kalendas
859 3302 1018 3379 Octobris,
1042 3303 1138 3385 Regni
1160 3306 1260 3366 autem
1285 3303 1383 3365 nostri
1406 3321 1478 3364 anno

281 3410 416 3474 similiter
432 3410 549 3476 decimo
568 3418 684 3476 octauo.

354 3551 473 3625 Origlual
486 3553 533 3609 aut
543 3535 700 3625 Pergameut
712 3552 759 3608 mit
772 3553 1008 3627 (aarbrocbeoem)
1022 3553 1122 3624 Slagel.

840 3754 915 3833 LX.

280 3897 358 3971 ldlb,
380 3898 658 3971 unumunurn-
681 3897 778 3967 Konig
800 3898 874 3953 Korl
895 3914 951 3951 oon
976 3897 1093 3966 Uagam
1111 3896 1213 3972 fortigt
1234 3896 1295 3967 aas
1309 3898 1413 3954 Bitten
1433 3898 1477 3953 da

279 3991 362 4047 notes
378 3993 441 4047 Otto
455 4006 509 4045 oon
522 3986 742 4059 Heilipcnltrcua
761 3986 813 4042 dor
824 3986 974 4060 terentiolus
992 3986 1180 4055 Privllcgiom
1203 4005 1272 4049 uua,
1308 3987 1384 4042 albor
1406 3990 1477 4043 seiae

280 4084 394 4138 antem
407 4080 437 4135 2.
454 4078 573 4135 October
588 4076 677 4133 1317
689 4077 780 4133 dieser
793 4076 875 4132 Abtei
886 4075 1016 4134 ertbcilte
1028 4076 1215 4147 Beototipung
1227 4077 1276 4132 des
1288 4078 1420 4134 Besitzce
1431 4079 1478 4134 ulcr

612 4170 703 4226 (iliter
720 4166 967 4240 Vogclndorfund
979 4166 1142 4241 Poteadors.

369 4292 508 4357 Korolus
519 4288 568 4351 dci
580 4288 683 4371 gracia
694 4288 870 4377 Hongon'c,
884 4286 1061 4357 Balnearia,
1076 4286 1217 4357 Groneia,
1232 4285 1343 4358 Rome,
1356 4286 1474 4357 Ser-nie,

281 4400 434 4476 Gallicis,
461 4398 668 4471 bodomario,
688 4388 856 4469 Comanis,
879 4396 1094 4484 Bolpom‘cqoo
1118 4394 1191 4466 Rex,
1207 4392 1355 4458 Omnibus
1371 4395 1473 4460 obristi

280 4508 418 4573 fidelibus
434 4509 608 4591 presentem
625 4504 764 4588 paginam
789 4504 972 4588 inspecturis
996 4503 1120 4566 salutem
1138 4504 1166 4564 in
1184 4520 1240 4573 co,
1268 4501 1319 4584 qai
1343 4502 1471 4585 Regibus

278 4616 328 4681 dat
344 4617 479 4681 salutem.
496 4614 541 4679 Ad
553 4614 766 4681 Vniuersorum
779 4617 840 4676 tam
853 4612 1043 4695 presencium
1055 4630 1143 4695 quam
1159 4609 1325 4675 futororum
1338 4610 1472 4676 noticiam

839 4758 881 4830 ’N'
